"","id","price","qty","quoteQty","time","isBuyerMaker","isBestMatch"
"1","4047264","0.69606000","241.40000000","168.02888400","1599679438546","FALSE","TRUE"
"2","4047265","0.69601000","71.20000000","49.55591200","1599679439231","TRUE","TRUE"
"3","4047266","0.69601000","153.90000000","107.11593900","1599679444554","TRUE","TRUE"
"4","4047267","0.69601000","11.00000000","7.65611000","1599679448193","TRUE","TRUE"
"5","4047268","0.69536000","42.70000000","29.69187200","1599679448193","TRUE","TRUE"
"6","4047269","0.69506000","19.00000000","13.20614000","1599679448193","TRUE","TRUE"
"7","4047270","0.69506000","25.90000000","18.00205400","1599679448193","TRUE","TRUE"
"8","4047271","0.69506000","18.60000000","12.92811600","1599679448193","TRUE","TRUE"
"9","4047272","0.69506000","33.70000000","23.42352200","1599679448193","TRUE","TRUE"
"10","4047273","0.69671000","101.00000000","70.36771000","1599679450561","FALSE","TRUE"
"11","4047274","0.69672000","138.80000000","96.70473600","1599679450561","FALSE","TRUE"
"12","4047275","0.69561000","151.10000000","105.10667100","1599679452042","TRUE","TRUE"
"13","4047276","0.69663000","71.80000000","50.01803400","1599679453852","FALSE","TRUE"
"14","4047277","0.69561000","150.80000000","104.89798800","1599679455692","TRUE","TRUE"
"15","4047278","0.69561000","150.90000000","104.96754900","1599679459366","TRUE","TRUE"
"16","4047279","0.69561000","6.50000000","4.52146500","1599679463072","TRUE","TRUE"
"17","4047280","0.69506000","13.40000000","9.31380400","1599679463072","TRUE","TRUE"
"18","4047281","0.69501000","130.20000000","90.49030200","1599679463072","TRUE","TRUE"
"19","4047282","0.69502000","62.30000000","43.29974600","1599679465845","TRUE","TRUE"
"20","4047283","0.69502000","153.70000000","106.82457400","1599679466792","TRUE","TRUE"
"21","4047284","0.69501000","69.80000000","48.51169800","1599679470673","TRUE","TRUE"
"22","4047285","0.69500000","80.30000000","55.80850000","1599679470673","TRUE","TRUE"
"23","4047286","0.69601000","241.00000000","167.73841000","1599679472492","TRUE","TRUE"
"24","4047287","0.69601000","0.30000000","0.20880300","1599679472496","TRUE","TRUE"
"25","4047288","0.69500000","31.40000000","21.82300000","1599679473879","TRUE","TRUE"
"26","4047289","0.69500000","150.30000000","104.45850000","1599679474368","TRUE","TRUE"
"27","4047290","0.69500000","30.50000000","21.19750000","1599679475032","TRUE","TRUE"
"28","4047291","0.69500000","23.90000000","16.61050000","1599679475894","TRUE","TRUE"
"29","4047292","0.69500000","100.00000000","69.50000000","1599679475916","TRUE","TRUE"
"30","4047293","0.69500000","701.50000000","487.54250000","1599679476447","TRUE","TRUE"
"31","4047294","0.69500000","287.80000000","200.02100000","1599679477129","TRUE","TRUE"
"32","4047295","0.69500000","150.40000000","104.52800000","1599679478009","TRUE","TRUE"
"33","4047296","0.69500000","287.80000000","200.02100000","1599679478915","TRUE","TRUE"
"34","4047297","0.69500000","150.30000000","104.45850000","1599679481575","TRUE","TRUE"
"35","4047298","0.69500000","2710.00000000","1883.45000000","1599679483064","TRUE","TRUE"
"36","4047299","0.69500000","359.00000000","249.50500000","1599679483065","TRUE","TRUE"
"37","4047300","0.69500000","2709.80000000","1883.31100000","1599679483070","TRUE","TRUE"
"38","4047301","0.69500000","2641.00000000","1835.49500000","1599679483092","TRUE","TRUE"
"39","4047302","0.69500000","150.50000000","104.59750000","1599679485298","TRUE","TRUE"
"40","4047303","0.69500000","86.40000000","60.04800000","1599679486385","TRUE","TRUE"
"41","4047304","0.69501000","152.00000000","105.64152000","1599679489051","TRUE","TRUE"
"42","4047305","0.69555000","603.10000000","419.48620500","1599679489426","FALSE","TRUE"
"43","4047306","0.69561000","1000.00000000","695.61000000","1599679489451","FALSE","TRUE"
"44","4047307","0.69597000","744.00000000","517.80168000","1599679490265","FALSE","TRUE"
"45","4047308","0.69597000","0.70000000","0.48717900","1599679490509","FALSE","TRUE"
"46","4047309","0.69699000","15.90000000","11.08214100","1599679490509","FALSE","TRUE"
"47","4047310","0.69700000","148.10000000","103.22570000","1599679490509","FALSE","TRUE"
"48","4047311","0.69707000","500.00000000","348.53500000","1599679490509","FALSE","TRUE"
"49","4047312","0.69728000","115.50000000","80.53584000","1599679490509","FALSE","TRUE"
"50","4047313","0.69523000","459.00000000","319.11057000","1599679491802","TRUE","TRUE"
"51","4047314","0.69523000","335.80000000","233.45823400","1599679491802","TRUE","TRUE"
"52","4047315","0.69714000","299.10000000","208.51457400","1599679492640","FALSE","TRUE"
"53","4047316","0.69532000","153.20000000","106.52302400","1599679493203","TRUE","TRUE"
"54","4047317","0.69714000","71.50000000","49.84551000","1599679493270","FALSE","TRUE"
"55","4047318","0.69712000","89.00000000","62.04368000","1599679496023","FALSE","TRUE"
"56","4047319","0.69713000","170.50000000","118.86066500","1599679496023","FALSE","TRUE"
"57","4047320","0.69712000","612.30000000","426.84657600","1599679496770","FALSE","TRUE"
"58","4047321","0.69713000","391.80000000","273.13553400","1599679496770","FALSE","TRUE"
"59","4047322","0.69552000","86.10000000","59.88427200","1599679498999","TRUE","TRUE"
"60","4047323","0.69713000","19.70000000","13.73346100","1599679499112","FALSE","TRUE"
"61","4047324","0.69713000","66.40000000","46.28943200","1599679501623","FALSE","TRUE"
"62","4047325","0.69740000","500.00000000","348.70000000","1599679501623","FALSE","TRUE"
"63","4047326","0.69842000","3950.20000000","2758.89868400","1599679501623","FALSE","TRUE"
"64","4047327","0.69570000","164.20000000","114.23394000","1599679502595","TRUE","TRUE"
"65","4047328","0.69614000","287.30000000","200.00102200","1599679508305","TRUE","TRUE"
"66","4047329","0.69616000","287.50000000","200.14600000","1599679510191","TRUE","TRUE"
"67","4047330","0.69624000","92.60000000","64.47182400","1599679515483","TRUE","TRUE"
"68","4047331","0.69706000","164.00000000","114.31784000","1599679520172","FALSE","TRUE"
"69","4047332","0.69713000","164.00000000","114.32932000","1599679520172","FALSE","TRUE"
"70","4047333","0.69713000","1956.90000000","1364.21369700","1599679520172","FALSE","TRUE"
"71","4047334","0.69773000","250.00000000","174.43250000","1599679520182","FALSE","TRUE"
"72","4047335","0.69802000","4720.00000000","3294.65440000","1599679520182","FALSE","TRUE"
"73","4047336","0.69772000","250.00000000","174.43000000","1599679520185","FALSE","TRUE"
"74","4047337","0.69772000","250.00000000","174.43000000","1599679520190","FALSE","TRUE"
"75","4047338","0.69772000","167.60000000","116.93787200","1599679520192","FALSE","TRUE"
"76","4047339","0.69842000","375.60000000","262.32655200","1599679520192","FALSE","TRUE"
"77","4047340","0.69842000","43.20000000","30.17174400","1599679520196","FALSE","TRUE"
"78","4047341","0.69874000","320.60000000","224.01604400","1599679520196","FALSE","TRUE"
"79","4047342","0.69875000","4313.50000000","3014.05812500","1599679520268","FALSE","TRUE"
"80","4047343","0.69878000","25.70000000","17.95864600","1599679520617","FALSE","TRUE"
"81","4047344","0.69878000","500.00000000","349.39000000","1599679520652","FALSE","TRUE"
"82","4047345","0.69877000","2461.00000000","1719.67297000","1599679522059","FALSE","TRUE"
"83","4047346","0.69900000","116.30000000","81.29370000","1599679522454","FALSE","TRUE"
"84","4047347","0.69900000","5408.80000000","3780.75120000","1599679523023","FALSE","TRUE"
"85","4047348","0.69900000","116.30000000","81.29370000","1599679523059","FALSE","TRUE"
"86","4047349","0.69750000","25.80000000","17.99550000","1599679525121","TRUE","TRUE"
"87","4047350","0.69936000","121.00000000","84.62256000","1599679526605","FALSE","TRUE"
"88","4047351","0.69936000","0.30000000","0.20980800","1599679528706","FALSE","TRUE"
"89","4047352","0.69899000","248.90000000","173.97861100","1599679530375","FALSE","TRUE"
"90","4047353","0.69946000","26.70000000","18.67558200","1599679530402","FALSE","TRUE"
"91","4047354","0.69948000","35.40000000","24.76159200","1599679530402","FALSE","TRUE"
"92","4047355","0.69949000","16.50000000","11.54158500","1599679530402","FALSE","TRUE"
"93","4047356","0.69950000","36.90000000","25.81155000","1599679530402","FALSE","TRUE"
"94","4047357","0.69949000","152.30000000","106.53232700","1599679532362","FALSE","TRUE"
"95","4047358","0.69950000","8425.20000000","5893.42740000","1599679532362","FALSE","TRUE"
"96","4047359","0.69959000","15.60000000","10.91360400","1599679532362","FALSE","TRUE"
"97","4047360","0.69960000","26.90000000","18.81924000","1599679532362","FALSE","TRUE"
"98","4047361","0.69990000","492.80000000","344.91072000","1599679533892","FALSE","TRUE"
"99","4047362","0.69990000","492.80000000","344.91072000","1599679535018","FALSE","TRUE"
"100","4047363","0.69990000","3970.00000000","2778.60300000","1599679535037","FALSE","TRUE"
"101","4047364","0.69990000","3506.40000000","2454.12936000","1599679535067","FALSE","TRUE"
"102","4047365","0.70000000","50.00000000","35.00000000","1599679535075","FALSE","TRUE"
"103","4047366","0.70000000","726.50000000","508.55000000","1599679535075","FALSE","TRUE"
"104","4047367","0.70000000","151.80000000","106.26000000","1599679535075","FALSE","TRUE"
"105","4047368","0.70000000","1428.80000000","1000.16000000","1599679535075","FALSE","TRUE"
"106","4047369","0.70001000","109.80000000","76.86109800","1599679535086","FALSE","TRUE"
"107","4047370","0.69949000","34.50000000","24.13240500","1599679535951","FALSE","TRUE"
"108","4047371","0.69906000","239.00000000","167.07534000","1599679536174","TRUE","TRUE"
"109","4047372","0.70099000","22.00000000","15.42178000","1599679537320","FALSE","TRUE"
"110","4047373","0.69941000","46.80000000","32.73238800","1599679538832","TRUE","TRUE"
"111","4047374","0.69941000","46.80000000","32.73238800","1599679538835","TRUE","TRUE"
"112","4047375","0.69947000","16.90000000","11.82104300","1599679540338","TRUE","TRUE"
"113","4047376","0.70091000","217.00000000","152.09747000","1599679545026","FALSE","TRUE"
"114","4047377","0.70092000","633.90000000","444.31318800","1599679545026","FALSE","TRUE"
"115","4047378","0.70091000","110.00000000","77.10010000","1599679547750","FALSE","TRUE"
"116","4047379","0.70091000","0.50000000","0.35045500","1599679547750","FALSE","TRUE"
"117","4047380","0.70102000","56.40000000","39.53752800","1599679547785","FALSE","TRUE"
"118","4047381","0.70138000","23.80000000","16.69284400","1599679547794","FALSE","TRUE"
"119","4047382","0.70138000","23.30000000","16.34215400","1599679547794","FALSE","TRUE"
"120","4047383","0.70178000","28.40000000","19.93055200","1599679547839","FALSE","TRUE"
"121","4047384","0.70197000","63.00000000","44.22411000","1599679547839","FALSE","TRUE"
"122","4047385","0.70199000","346.50000000","243.23953500","1599679547839","FALSE","TRUE"
"123","4047386","0.70200000","200.20000000","140.54040000","1599679547846","FALSE","TRUE"
"124","4047387","0.70200000","1200.70000000","842.89140000","1599679547856","FALSE","TRUE"
"125","4047388","0.70200000","100.10000000","70.27020000","1599679547863","FALSE","TRUE"
"126","4047389","0.70200000","100.10000000","70.27020000","1599679547873","FALSE","TRUE"
"127","4047390","0.70229000","25.50000000","17.90839500","1599679547924","FALSE","TRUE"
"128","4047391","0.70200000","6695.50000000","4700.24100000","1599679548226","FALSE","TRUE"
"129","4047392","0.70200000","324.10000000","227.51820000","1599679548288","FALSE","TRUE"
"130","4047393","0.70200000","726.00000000","509.65200000","1599679550762","FALSE","TRUE"
"131","4047394","0.70200000","2156.00000000","1513.51200000","1599679550763","FALSE","TRUE"
"132","4047395","0.70122000","427.30000000","299.63130600","1599679550846","TRUE","TRUE"
"133","4047396","0.70092000","1063.20000000","745.21814400","1599679550846","TRUE","TRUE"
"134","4047397","0.70127000","42.70000000","29.94422900","1599679552142","FALSE","TRUE"
"135","4047398","0.70125000","71.70000000","50.27962500","1599679552326","TRUE","TRUE"
"136","4047399","0.70199000","427.30000000","299.96032700","1599679552462","FALSE","TRUE"
"137","4047400","0.70200000","250.60000000","175.92120000","1599679552462","FALSE","TRUE"
"138","4047401","0.70288000","40.80000000","28.67750400","1599679553157","FALSE","TRUE"
"139","4047402","0.70291000","138.30000000","97.21245300","1599679553157","FALSE","TRUE"
"140","4047403","0.70178000","75.00000000","52.63350000","1599679553983","TRUE","TRUE"
"141","4047404","0.70344000","75.00000000","52.75800000","1599679554172","FALSE","TRUE"
"142","4047405","0.70345000","17.40000000","12.24003000","1599679554172","FALSE","TRUE"
"143","4047406","0.70364000","244.90000000","172.32143600","1599679554172","FALSE","TRUE"
"144","4047407","0.70372000","92.70000000","65.23484400","1599679554172","FALSE","TRUE"
"145","4047408","0.70186000","62.80000000","44.07680800","1599679554702","TRUE","TRUE"
"146","4047409","0.70200000","15.70000000","11.02140000","1599679554999","FALSE","TRUE"
"147","4047410","0.70208000","28.70000000","20.14969600","1599679557375","TRUE","TRUE"
"148","4047411","0.70218000","159.70000000","112.13814600","1599679559612","TRUE","TRUE"
"149","4047412","0.70292000","150.30000000","105.64887600","1599679563693","TRUE","TRUE"
"150","4047413","0.70367000","27.50000000","19.35092500","1599679564953","FALSE","TRUE"
"151","4047414","0.70367000","35.20000000","24.76918400","1599679565209","FALSE","TRUE"
"152","4047415","0.70372000","15.10000000","10.62617200","1599679565209","FALSE","TRUE"
"153","4047416","0.70384000","22.30000000","15.69563200","1599679565209","FALSE","TRUE"
"154","4047417","0.70395000","221.10000000","155.64334500","1599679565209","FALSE","TRUE"
"155","4047418","0.70394000","188.50000000","132.69269000","1599679565657","FALSE","TRUE"
"156","4047419","0.70395000","2003.00000000","1410.01185000","1599679565657","FALSE","TRUE"
"157","4047420","0.70399000","23.70000000","16.68456300","1599679565657","FALSE","TRUE"
"158","4047421","0.70399000","27.80000000","19.57092200","1599679565657","FALSE","TRUE"
"159","4047422","0.70400000","99.90000000","70.32960000","1599679565657","FALSE","TRUE"
"160","4047423","0.70419000","96.80000000","68.16559200","1599679565657","FALSE","TRUE"
"161","4047424","0.70439000","2596.00000000","1828.59644000","1599679565657","FALSE","TRUE"
"162","4047425","0.70444000","32.40000000","22.82385600","1599679565657","FALSE","TRUE"
"163","4047426","0.70459000","112.70000000","79.40729300","1599679565657","FALSE","TRUE"
"164","4047427","0.70468000","28.30000000","19.94244400","1599679565657","FALSE","TRUE"
"165","4047428","0.70484000","14.40000000","10.14969600","1599679565657","FALSE","TRUE"
"166","4047429","0.70488000","56.10000000","39.54376800","1599679565657","FALSE","TRUE"
"167","4047430","0.70490000","23.50000000","16.56515000","1599679565657","FALSE","TRUE"
"168","4047431","0.70491000","44.00000000","31.01604000","1599679565657","FALSE","TRUE"
"169","4047432","0.70491000","232.90000000","164.17353900","1599679565657","FALSE","TRUE"
"170","4047433","0.70415000","209.60000000","147.58984000","1599679565662","FALSE","TRUE"
"171","4047434","0.70491000","7.80000000","5.49829800","1599679565662","FALSE","TRUE"
"172","4047435","0.70500000","314.10000000","221.44050000","1599679565662","FALSE","TRUE"
"173","4047436","0.70499000","1513.30000000","1066.86136700","1599679567528","FALSE","TRUE"
"174","4047437","0.70373000","64.70000000","45.53133100","1599679567723","TRUE","TRUE"
"175","4047438","0.70373000","150.20000000","105.70024600","1599679567757","TRUE","TRUE"
"176","4047439","0.70498000","64.70000000","45.61220600","1599679568842","FALSE","TRUE"
"177","4047440","0.70499000","234.70000000","165.46115300","1599679568842","FALSE","TRUE"
"178","4047441","0.70498000","150.00000000","105.74700000","1599679570167","FALSE","TRUE"
"179","4047442","0.70498000","0.20000000","0.14099600","1599679570281","FALSE","TRUE"
"180","4047443","0.70500000","395.10000000","278.54550000","1599679570281","FALSE","TRUE"
"181","4047444","0.70500000","1166.80000000","822.59400000","1599679570281","FALSE","TRUE"
"182","4047445","0.70500000","60.90000000","42.93450000","1599679570326","FALSE","TRUE"
"183","4047446","0.70498000","19.90000000","14.02910200","1599679572652","FALSE","TRUE"
"184","4047447","0.70498000","27.10000000","19.10495800","1599679572859","FALSE","TRUE"
"185","4047448","0.70500000","272.30000000","191.97150000","1599679572859","FALSE","TRUE"
"186","4047449","0.70500000","112.10000000","79.03050000","1599679573279","FALSE","TRUE"
"187","4047450","0.70499000","436.40000000","307.65763600","1599679573518","TRUE","TRUE"
"188","4047451","0.70410000","223.60000000","157.43676000","1599679573524","TRUE","TRUE"
"189","4047452","0.70413000","31.00000000","21.82803000","1599679573769","TRUE","TRUE"
"190","4047453","0.70499000","31.00000000","21.85469000","1599679574019","FALSE","TRUE"
"191","4047454","0.70500000","492.80000000","347.42400000","1599679574021","FALSE","TRUE"
"192","4047455","0.70500000","699.00000000","492.79500000","1599679574079","FALSE","TRUE"
"193","4047456","0.70500000","321.00000000","226.30500000","1599679574188","FALSE","TRUE"
"194","4047457","0.70500000","100.00000000","70.50000000","1599679575343","FALSE","TRUE"
"195","4047458","0.70500000","299.60000000","211.21800000","1599679576859","FALSE","TRUE"
"196","4047459","0.70500000","358.40000000","252.67200000","1599679576876","FALSE","TRUE"
"197","4047460","0.70424000","151.60000000","106.76278400","1599679577650","TRUE","TRUE"
"198","4047461","0.70500000","38.40000000","27.07200000","1599679578438","FALSE","TRUE"
"199","4047462","0.70427000","45.40000000","31.97385800","1599679579019","TRUE","TRUE"
"200","4047463","0.70500000","2901.30000000","2045.41650000","1599679579228","FALSE","TRUE"
"201","4047464","0.70500000","1448.60000000","1021.26300000","1599679579519","FALSE","TRUE"
"202","4047465","0.70427000","1300.00000000","915.55100000","1599679580653","TRUE","TRUE"
"203","4047466","0.70426000","2568.00000000","1808.53968000","1599679580667","TRUE","TRUE"
"204","4047467","0.70423000","425.50000000","299.64986500","1599679580676","TRUE","TRUE"
"205","4047468","0.70350000","409.70000000","288.22395000","1599679580738","TRUE","TRUE"
"206","4047469","0.70350000","240.20000000","168.98070000","1599679580750","TRUE","TRUE"
"207","4047470","0.70323000","295.50000000","207.80446500","1599679580759","TRUE","TRUE"
"208","4047471","0.70351000","130.00000000","91.45630000","1599679580773","TRUE","TRUE"
"209","4047472","0.70354000","383.30000000","269.66688200","1599679581118","TRUE","TRUE"
"210","4047473","0.70353000","42.20000000","29.68896600","1599679581118","TRUE","TRUE"
"211","4047474","0.70361000","425.50000000","299.38605500","1599679581316","TRUE","TRUE"
"212","4047475","0.70287000","171.70000000","120.68277900","1599679582403","TRUE","TRUE"
"213","4047476","0.70287000","156.60000000","110.06944200","1599679582412","TRUE","TRUE"
"214","4047477","0.70072000","574.00000000","402.21328000","1599679583723","TRUE","TRUE"
"215","4047478","0.70073000","22.00000000","15.41606000","1599679583732","TRUE","TRUE"
"216","4047479","0.70426000","205.70000000","144.86628200","1599679585971","FALSE","TRUE"
"217","4047480","0.70426000","14.40000000","10.14134400","1599679587157","FALSE","TRUE"
"218","4047481","0.70152000","14.40000000","10.10188800","1599679587733","TRUE","TRUE"
"219","4047482","0.70355000","205.40000000","144.50917000","1599679590143","FALSE","TRUE"
"220","4047483","0.70356000","17.10000000","12.03087600","1599679590143","FALSE","TRUE"
"221","4047484","0.70368000","31.20000000","21.95481600","1599679590143","FALSE","TRUE"
"222","4047485","0.70426000","328.20000000","231.13813200","1599679590143","FALSE","TRUE"
"223","4047486","0.70426000","500.00000000","352.13000000","1599679590143","FALSE","TRUE"
"224","4047487","0.70498000","120.80000000","85.16158400","1599679590143","FALSE","TRUE"
"225","4047488","0.70499000","500.00000000","352.49500000","1599679590143","FALSE","TRUE"
"226","4047489","0.70500000","3972.70000000","2800.75350000","1599679590143","FALSE","TRUE"
"227","4047490","0.70425000","150.60000000","106.06005000","1599679593148","FALSE","TRUE"
"228","4047491","0.70255000","106.50000000","74.82157500","1599679595069","TRUE","TRUE"
"229","4047492","0.70255000","319.40000000","224.39447000","1599679595070","TRUE","TRUE"
"230","4047493","0.70222000","250.00000000","175.55500000","1599679595070","TRUE","TRUE"
"231","4047494","0.70221000","481.50000000","338.11411500","1599679595070","TRUE","TRUE"
"232","4047495","0.70223000","425.90000000","299.07975700","1599679595161","TRUE","TRUE"
"233","4047496","0.70121000","466.90000000","327.39494900","1599679595162","TRUE","TRUE"
"234","4047497","0.70121000","70.60000000","49.50542600","1599679595218","TRUE","TRUE"
"235","4047498","0.70121000","83.60000000","58.62115600","1599679595265","TRUE","TRUE"
"236","4047499","0.70121000","140.30000000","98.37976300","1599679595277","TRUE","TRUE"
"237","4047500","0.70365000","171.20000000","120.46488000","1599679598280","FALSE","TRUE"
"238","4047501","0.70365000","21.00000000","14.77665000","1599679598497","FALSE","TRUE"
"239","4047502","0.70080000","225.00000000","157.68000000","1599679601383","TRUE","TRUE"
"240","4047503","0.70295000","1770.00000000","1244.22150000","1599679605393","TRUE","TRUE"
"241","4047504","0.70295000","0.10000000","0.07029500","1599679605393","TRUE","TRUE"
"242","4047505","0.70135000","386.80000000","271.28218000","1599679611765","TRUE","TRUE"
"243","4047506","0.70150000","247.60000000","173.69140000","1599679618222","TRUE","TRUE"
"244","4047507","0.70250000","73.30000000","51.49325000","1599679621486","FALSE","TRUE"
"245","4047508","0.70108000","344.20000000","241.31173600","1599679621857","FALSE","TRUE"
"246","4047509","0.70108000","228.30000000","160.05656400","1599679621857","FALSE","TRUE"
"247","4047510","0.70250000","181.00000000","127.15250000","1599679624907","FALSE","TRUE"
"248","4047511","0.70250000","0.60000000","0.42150000","1599679624912","FALSE","TRUE"
"249","4047512","0.70291000","851.00000000","598.17641000","1599679628056","FALSE","TRUE"
"250","4047513","0.70291000","0.70000000","0.49203700","1599679628056","FALSE","TRUE"
"251","4047514","0.70174000","275.40000000","193.25919600","1599679628729","TRUE","TRUE"
"252","4047515","0.70237000","92.10000000","64.68827700","1599679630479","FALSE","TRUE"
"253","4047516","0.70210000","476.80000000","334.76128000","1599679631035","TRUE","TRUE"
"254","4047517","0.70210000","1615.20000000","1134.03192000","1599679631035","TRUE","TRUE"
"255","4047518","0.70212000","18.00000000","12.63816000","1599679631149","TRUE","TRUE"
"256","4047519","0.70212000","351.70000000","246.93560400","1599679631283","TRUE","TRUE"
"257","4047520","0.70212000","56.70000000","39.81020400","1599679631321","TRUE","TRUE"
"258","4047521","0.70183000","113.30000000","79.51733900","1599679631321","TRUE","TRUE"
"259","4047522","0.70183000","475.80000000","333.93071400","1599679631339","TRUE","TRUE"
"260","4047523","0.70334000","275.50000000","193.77017000","1599679635473","FALSE","TRUE"
"261","4047524","0.70340000","1009.00000000","709.73060000","1599679635473","FALSE","TRUE"
"262","4047525","0.70341000","3766.00000000","2649.04206000","1599679635473","FALSE","TRUE"
"263","4047526","0.70340000","426.00000000","299.64840000","1599679639092","FALSE","TRUE"
"264","4047527","0.70340000","0.40000000","0.28136000","1599679641946","FALSE","TRUE"
"265","4047528","0.70353000","70.80000000","49.80992400","1599679641946","FALSE","TRUE"
"266","4047529","0.70368000","32.80000000","23.08070400","1599679641946","FALSE","TRUE"
"267","4047530","0.70368000","0.80000000","0.56294400","1599679641949","FALSE","TRUE"
"268","4047531","0.70377000","173.90000000","122.38560300","1599679641949","FALSE","TRUE"
"269","4047532","0.70390000","981.60000000","690.94824000","1599679641949","FALSE","TRUE"
"270","4047533","0.70417000","111.70000000","78.65578900","1599679641949","FALSE","TRUE"
"271","4047534","0.70417000","388.30000000","273.42921100","1599679641951","FALSE","TRUE"
"272","4047535","0.70274000","352.70000000","247.85639800","1599679643164","TRUE","TRUE"
"273","4047536","0.70341000","3491.70000000","2456.09669700","1599679643543","TRUE","TRUE"
"274","4047537","0.70342000","404.40000000","284.46304800","1599679643575","TRUE","TRUE"
"275","4047538","0.70342000","134.70000000","94.75067400","1599679643588","TRUE","TRUE"
"276","4047539","0.70400000","710.20000000","499.98080000","1599679643854","TRUE","TRUE"
"277","4047540","0.70289000","425.70000000","299.22027300","1599679644743","TRUE","TRUE"
"278","4047541","0.70289000","14.90000000","10.47306100","1599679651404","TRUE","TRUE"
"279","4047542","0.70190000","745.50000000","523.26645000","1599679651423","TRUE","TRUE"
"280","4047543","0.70288000","38.40000000","26.99059200","1599679654827","FALSE","TRUE"
"281","4047544","0.70191000","139.40000000","97.84625400","1599679662661","FALSE","TRUE"
"282","4047545","0.70191000","4.40000000","3.08840400","1599679662665","FALSE","TRUE"
"283","4047546","0.70267000","77.50000000","54.45692500","1599679664559","FALSE","TRUE"
"284","4047547","0.70267000","423.20000000","297.36994400","1599679664713","FALSE","TRUE"
"285","4047548","0.70268000","362.70000000","254.86203600","1599679664713","FALSE","TRUE"
"286","4047549","0.70268000","9310.20000000","6542.09133600","1599679664745","FALSE","TRUE"
"287","4047550","0.70268000","5718.90000000","4018.55665200","1599679664750","FALSE","TRUE"
"288","4047551","0.70192000","265.40000000","186.28956800","1599679665226","TRUE","TRUE"
"289","4047552","0.70192000","1097.90000000","770.63796800","1599679665245","TRUE","TRUE"
"290","4047553","0.70191000","2568.00000000","1802.50488000","1599679665260","TRUE","TRUE"
"291","4047554","0.70191000","2568.00000000","1802.50488000","1599679665260","TRUE","TRUE"
"292","4047555","0.70190000","150.90000000","105.91671000","1599679669057","TRUE","TRUE"
"293","4047556","0.70268000","26.00000000","18.26968000","1599679674925","FALSE","TRUE"
"294","4047557","0.70268000","220.20000000","154.73013600","1599679675577","FALSE","TRUE"
"295","4047558","0.70203000","2586.00000000","1815.44958000","1599679676131","TRUE","TRUE"
"296","4047559","0.70202000","100.00000000","70.20200000","1599679676899","TRUE","TRUE"
"297","4047560","0.70205000","183.00000000","128.47515000","1599679678549","TRUE","TRUE"
"298","4047561","0.70206000","1134.10000000","796.20624600","1599679679882","TRUE","TRUE"
"299","4047562","0.70206000","1433.90000000","1006.68383400","1599679679885","TRUE","TRUE"
"300","4047563","0.70191000","700.00000000","491.33700000","1599679679885","TRUE","TRUE"
"301","4047564","0.70191000","334.40000000","234.71870400","1599679679885","TRUE","TRUE"
"302","4047565","0.70190000","1986.10000000","1394.04359000","1599679679885","TRUE","TRUE"
"303","4047566","0.70157000","3695.60000000","2592.72209200","1599679679885","TRUE","TRUE"
"304","4047567","0.70160000","150.30000000","105.45048000","1599679682369","TRUE","TRUE"
"305","4047568","0.70166000","150.90000000","105.88049400","1599679686260","TRUE","TRUE"
"306","4047569","0.70246000","108.00000000","75.86568000","1599679689577","FALSE","TRUE"
"307","4047570","0.70169000","150.80000000","105.81485200","1599679690052","TRUE","TRUE"
"308","4047571","0.70169000","150.60000000","105.67451400","1599679693753","TRUE","TRUE"
"309","4047572","0.70171000","175.20000000","122.93959200","1599679699198","TRUE","TRUE"
"310","4047573","0.70171000","330.10000000","231.63447100","1599679699285","TRUE","TRUE"
"311","4047574","0.70171000","2062.70000000","1447.41721700","1599679699294","TRUE","TRUE"
"312","4047575","0.70170000","1998.80000000","1402.55796000","1599679699320","TRUE","TRUE"
"313","4047576","0.70169000","1998.80000000","1402.53797200","1599679699325","TRUE","TRUE"
"314","4047577","0.70169000","142.30000000","99.85048700","1599679699341","TRUE","TRUE"
"315","4047578","0.70169000","142.30000000","99.85048700","1599679699361","TRUE","TRUE"
"316","4047579","0.70169000","142.30000000","99.85048700","1599679699380","TRUE","TRUE"
"317","4047580","0.70169000","142.30000000","99.85048700","1599679699421","TRUE","TRUE"
"318","4047581","0.70168000","106.80000000","74.93942400","1599679699428","TRUE","TRUE"
"319","4047582","0.70168000","320.20000000","224.67793600","1599679699430","TRUE","TRUE"
"320","4047583","0.70160000","197.10000000","138.28536000","1599679699445","TRUE","TRUE"
"321","4047584","0.70142000","819.30000000","574.67340600","1599679699453","TRUE","TRUE"
"322","4047585","0.70100000","1000.00000000","701.00000000","1599679700303","TRUE","TRUE"
"323","4047586","0.70169000","777.30000000","545.42363700","1599679702574","TRUE","TRUE"
"324","4047587","0.70103000","2918.20000000","2045.74574600","1599679705384","TRUE","TRUE"
"325","4047588","0.70102000","85.10000000","59.65680200","1599679705777","TRUE","TRUE"
"326","4047589","0.70195000","317.00000000","222.51815000","1599679708018","FALSE","TRUE"
"327","4047590","0.70121000","2518.40000000","1765.92726400","1599679714281","TRUE","TRUE"
"328","4047591","0.70119000","2568.00000000","1800.65592000","1599679714281","TRUE","TRUE"
"329","4047592","0.70118000","427.30000000","299.61421400","1599679714281","TRUE","TRUE"
"330","4047593","0.70110000","1506.00000000","1055.85660000","1599679714281","TRUE","TRUE"
"331","4047594","0.70100000","4244.40000000","2975.32440000","1599679714281","TRUE","TRUE"
"332","4047595","0.70100000","577.00000000","404.47700000","1599679714292","FALSE","TRUE"
"333","4047596","0.70100000","0.20000000","0.14020000","1599679714293","FALSE","TRUE"
"334","4047597","0.70040000","193.90000000","135.80756000","1599679714350","TRUE","TRUE"
"335","4047598","0.70122000","251.00000000","176.00622000","1599679715095","FALSE","TRUE"
"336","4047599","0.70121000","26.00000000","18.23146000","1599679716067","FALSE","TRUE"
"337","4047600","0.70121000","723.00000000","506.97483000","1599679716381","FALSE","TRUE"
"338","4047601","0.70121000","407.00000000","285.39247000","1599679716482","FALSE","TRUE"
"339","4047602","0.70121000","0.20000000","0.14024200","1599679716706","FALSE","TRUE"
"340","4047603","0.70122000","218.70000000","153.35681400","1599679716706","FALSE","TRUE"
"341","4047604","0.70122000","694.00000000","486.64668000","1599679716807","FALSE","TRUE"
"342","4047605","0.70122000","684.00000000","479.63448000","1599679716911","FALSE","TRUE"
"343","4047606","0.70122000","152.00000000","106.58544000","1599679717016","FALSE","TRUE"
"344","4047607","0.70122000","0.30000000","0.21036600","1599679717522","FALSE","TRUE"
"345","4047608","0.70195000","20.70000000","14.53036500","1599679720607","TRUE","TRUE"
"346","4047609","0.70105000","3034.60000000","2127.40633000","1599679720607","TRUE","TRUE"
"347","4047610","0.70104000","1939.70000000","1359.80728800","1599679720607","TRUE","TRUE"
"348","4047611","0.70200000","28.50000000","20.00700000","1599679721294","FALSE","TRUE"
"349","4047612","0.70250000","271.40000000","190.65850000","1599679721294","FALSE","TRUE"
"350","4047613","0.70105000","201.30000000","141.12136500","1599679721294","TRUE","TRUE"
"351","4047614","0.70200000","28.50000000","20.00700000","1599679724517","TRUE","TRUE"
"352","4047615","0.70118000","140.00000000","98.16520000","1599679725364","TRUE","TRUE"
"353","4047616","0.70195000","221.00000000","155.13095000","1599679726590","FALSE","TRUE"
"354","4047617","0.70169000","14.80000000","10.38501200","1599679726622","TRUE","TRUE"
"355","4047618","0.70195000","0.20000000","0.14039000","1599679730816","FALSE","TRUE"
"356","4047619","0.70200000","1255.00000000","881.01000000","1599679730816","FALSE","TRUE"
"357","4047620","0.70260000","198.90000000","139.74714000","1599679731311","FALSE","TRUE"
"358","4047621","0.70200000","1686.40000000","1183.85280000","1599679731522","TRUE","TRUE"
"359","4047622","0.70200000","71.40000000","50.12280000","1599679733651","TRUE","TRUE"
"360","4047623","0.70200000","275.80000000","193.61160000","1599679735868","TRUE","TRUE"
"361","4047624","0.70200000","17.00000000","11.93400000","1599679738887","FALSE","TRUE"
"362","4047625","0.70195000","17.80000000","12.49471000","1599679741803","TRUE","TRUE"
"363","4047626","0.70169000","242.20000000","169.94931800","1599679741803","TRUE","TRUE"
"364","4047627","0.70169000","165.60000000","116.19986400","1599679741817","TRUE","TRUE"
"365","4047628","0.70200000","839.40000000","589.25880000","1599679742891","FALSE","TRUE"
"366","4047629","0.70123000","427.30000000","299.63557900","1599679743578","TRUE","TRUE"
"367","4047630","0.70121000","572.70000000","401.58296700","1599679743578","TRUE","TRUE"
"368","4047631","0.70121000","201.30000000","141.15357300","1599679743578","TRUE","TRUE"
"369","4047632","0.70199000","20.30000000","14.25039700","1599679746879","FALSE","TRUE"
"370","4047633","0.70199000","120.40000000","84.51959600","1599679748948","FALSE","TRUE"
"371","4047634","0.70124000","1000.00000000","701.24000000","1599679749041","TRUE","TRUE"
"372","4047635","0.70123000","91.70000000","64.30279100","1599679749226","TRUE","TRUE"
"373","4047636","0.70199000","14.40000000","10.10865600","1599679751800","FALSE","TRUE"
"374","4047637","0.70199000","14.40000000","10.10865600","1599679751812","FALSE","TRUE"
"375","4047638","0.70199000","14.40000000","10.10865600","1599679751836","FALSE","TRUE"
"376","4047639","0.70199000","14.40000000","10.10865600","1599679751838","FALSE","TRUE"
"377","4047640","0.70199000","14.40000000","10.10865600","1599679751899","FALSE","TRUE"
"378","4047641","0.70199000","14.40000000","10.10865600","1599679751925","FALSE","TRUE"
"379","4047642","0.70199000","14.40000000","10.10865600","1599679752026","FALSE","TRUE"
"380","4047643","0.70199000","14.40000000","10.10865600","1599679752103","FALSE","TRUE"
"381","4047644","0.70199000","14.40000000","10.10865600","1599679752322","FALSE","TRUE"
"382","4047645","0.70123000","185.80000000","130.28853400","1599679752351","TRUE","TRUE"
"383","4047646","0.70123000","2168.20000000","1520.40688600","1599679752404","TRUE","TRUE"
"384","4047647","0.70199000","14.40000000","10.10865600","1599679752483","FALSE","TRUE"
"385","4047648","0.70199000","14.40000000","10.10865600","1599679752518","FALSE","TRUE"
"386","4047649","0.70199000","14.40000000","10.10865600","1599679752600","FALSE","TRUE"
"387","4047650","0.70199000","14.40000000","10.10865600","1599679752602","FALSE","TRUE"
"388","4047651","0.70199000","14.40000000","10.10865600","1599679752611","FALSE","TRUE"
"389","4047652","0.70199000","14.40000000","10.10865600","1599679752681","FALSE","TRUE"
"390","4047653","0.70199000","14.40000000","10.10865600","1599679752756","FALSE","TRUE"
"391","4047654","0.70199000","56.20000000","39.45183800","1599679752988","FALSE","TRUE"
"392","4047655","0.70200000","5.40000000","3.79080000","1599679752988","FALSE","TRUE"
"393","4047656","0.70122000","427.30000000","299.63130600","1599679753055","TRUE","TRUE"
"394","4047657","0.70121000","572.70000000","401.58296700","1599679753055","TRUE","TRUE"
"395","4047658","0.70122000","427.30000000","299.63130600","1599679755471","TRUE","TRUE"
"396","4047659","0.70121000","572.70000000","401.58296700","1599679755471","TRUE","TRUE"
"397","4047660","0.70121000","15.00000000","10.51815000","1599679756065","TRUE","TRUE"
"398","4047661","0.70121000","997.10000000","699.17649100","1599679760331","TRUE","TRUE"
"399","4047662","0.70039000","2.90000000","2.03113100","1599679760331","TRUE","TRUE"
"400","4047663","0.70168000","427.30000000","299.82786400","1599679761248","FALSE","TRUE"
"401","4047664","0.70169000","358.00000000","251.20502000","1599679761248","FALSE","TRUE"
"402","4047665","0.70169000","2000.00000000","1403.38000000","1599679761583","TRUE","TRUE"
"403","4047666","0.70169000","1395.60000000","979.27856400","1599679761597","TRUE","TRUE"
"404","4047667","0.70199000","100.00000000","70.19900000","1599679761820","FALSE","TRUE"
"405","4047668","0.70199000","70.70000000","49.63069300","1599679763509","FALSE","TRUE"
"406","4047669","0.70169000","1000.00000000","701.69000000","1599679764187","TRUE","TRUE"
"407","4047670","0.70169000","285.00000000","199.98165000","1599679765749","TRUE","TRUE"
"408","4047671","0.70199000","70.00000000","49.13930000","1599679767210","FALSE","TRUE"
"409","4047672","0.70199000","92.00000000","64.58308000","1599679767228","FALSE","TRUE"
"410","4047673","0.70199000","76.40000000","53.63203600","1599679767239","FALSE","TRUE"
"411","4047674","0.70169000","715.00000000","501.70835000","1599679767367","TRUE","TRUE"
"412","4047675","0.70074000","285.00000000","199.71090000","1599679767367","TRUE","TRUE"
"413","4047676","0.70125000","189.30000000","132.74662500","1599679772947","TRUE","TRUE"
"414","4047677","0.70196000","427.30000000","299.94750800","1599679774961","FALSE","TRUE"
"415","4047678","0.70196000","1096.90000000","769.97992400","1599679774961","FALSE","TRUE"
"416","4047679","0.70197000","890.90000000","625.38507300","1599679774961","FALSE","TRUE"
"417","4047680","0.70200000","74.70000000","52.43940000","1599679774961","FALSE","TRUE"
"418","4047681","0.70200000","89.20000000","62.61840000","1599679774961","FALSE","TRUE"
"419","4047682","0.70200000","9.80000000","6.87960000","1599679774970","FALSE","TRUE"
"420","4047683","0.70200000","307.80000000","216.07560000","1599679774970","FALSE","TRUE"
"421","4047684","0.70200000","2107.10000000","1479.18420000","1599679774970","FALSE","TRUE"
"422","4047685","0.70200000","153.20000000","107.54640000","1599679774970","FALSE","TRUE"
"423","4047686","0.70200000","2500.80000000","1755.56160000","1599679774970","FALSE","TRUE"
"424","4047687","0.70249000","86.70000000","60.90588300","1599679774996","FALSE","TRUE"
"425","4047688","0.70130000","427.00000000","299.45510000","1599679776172","TRUE","TRUE"
"426","4047689","0.70127000","573.00000000","401.82771000","1599679776172","TRUE","TRUE"
"427","4047690","0.70235000","198.40000000","139.34624000","1599679777755","FALSE","TRUE"
"428","4047691","0.70250000","100.10000000","70.32025000","1599679777755","FALSE","TRUE"
"429","4047692","0.70266000","982.10000000","690.08238600","1599679777755","FALSE","TRUE"
"430","4047693","0.70267000","3544.80000000","2490.82461600","1599679777755","FALSE","TRUE"
"431","4047694","0.70279000","19.00000000","13.35301000","1599679777755","FALSE","TRUE"
"432","4047695","0.70300000","250.00000000","175.75000000","1599679777755","FALSE","TRUE"
"433","4047696","0.70301000","700.00000000","492.10700000","1599679777755","FALSE","TRUE"
"434","4047697","0.70302000","246.80000000","173.50533600","1599679777755","FALSE","TRUE"
"435","4047698","0.70132000","427.10000000","299.53377200","1599679778711","TRUE","TRUE"
"436","4047699","0.70131000","572.90000000","401.78049900","1599679778711","TRUE","TRUE"
"437","4047700","0.70218000","427.00000000","299.83086000","1599679780405","FALSE","TRUE"
"438","4047701","0.70152000","426.80000000","299.40873600","1599679784325","TRUE","TRUE"
"439","4047702","0.70151000","573.20000000","402.10553200","1599679784325","TRUE","TRUE"
"440","4047703","0.70200000","99.70000000","69.98940000","1599679786067","TRUE","TRUE"
"441","4047704","0.70158000","426.90000000","299.50450200","1599679787445","TRUE","TRUE"
"442","4047705","0.70157000","573.10000000","402.06976700","1599679787445","TRUE","TRUE"
"443","4047706","0.70159000","1000.00000000","701.59000000","1599679791009","TRUE","TRUE"
"444","4047707","0.70247000","427.00000000","299.95469000","1599679791949","FALSE","TRUE"
"445","4047708","0.70170000","250.00000000","175.42500000","1599679794127","TRUE","TRUE"
"446","4047709","0.70169000","427.00000000","299.62163000","1599679794127","TRUE","TRUE"
"447","4047710","0.70169000","73.10000000","51.29353900","1599679794127","TRUE","TRUE"
"448","4047711","0.70168000","249.90000000","175.34983200","1599679794127","TRUE","TRUE"
"449","4047712","0.70171000","1000.00000000","701.71000000","1599679796941","TRUE","TRUE"
"450","4047713","0.70200000","57.00000000","40.01400000","1599679798773","TRUE","TRUE"
"451","4047714","0.70174000","400.00000000","280.69600000","1599679799704","TRUE","TRUE"
"452","4047715","0.70174000","1000.00000000","701.74000000","1599679800656","TRUE","TRUE"
"453","4047716","0.70173000","886.00000000","621.73278000","1599679803516","TRUE","TRUE"
"454","4047717","0.70159000","114.00000000","79.98126000","1599679803516","TRUE","TRUE"
"455","4047718","0.70247000","0.10000000","0.07024700","1599679805212","FALSE","TRUE"
"456","4047719","0.70248000","110.30000000","77.48354400","1599679805212","FALSE","TRUE"
"457","4047720","0.70162000","1000.00000000","701.62000000","1599679806481","TRUE","TRUE"
"458","4047721","0.70162000","344.50000000","241.70809000","1599679806792","TRUE","TRUE"
"459","4047722","0.70280000","1242.20000000","873.01816000","1599679808180","FALSE","TRUE"
"460","4047723","0.70279000","308.40000000","216.74043600","1599679808239","FALSE","TRUE"
"461","4047724","0.70128000","591.00000000","414.45648000","1599679809460","TRUE","TRUE"
"462","4047725","0.70127000","409.00000000","286.81943000","1599679809460","TRUE","TRUE"
"463","4047726","0.70112000","1000.00000000","701.12000000","1599679812858","TRUE","TRUE"
"464","4047727","0.70103000","211.20000000","148.05753600","1599679813337","TRUE","TRUE"
"465","4047728","0.70103000","288.80000000","202.45746400","1599679813337","TRUE","TRUE"
"466","4047729","0.70100000","10006.00000000","7014.20600000","1599679813343","FALSE","TRUE"
"467","4047730","0.70100000","0.10000000","0.07010000","1599679813343","FALSE","TRUE"
"468","4047731","0.70071000","17.10000000","11.98214100","1599679815219","TRUE","TRUE"
"469","4047732","0.70070000","982.90000000","688.71803000","1599679815219","TRUE","TRUE"
"470","4047733","0.70189000","825.40000000","579.34000600","1599679816949","FALSE","TRUE"
"471","4047734","0.70073000","151.40000000","106.09052200","1599679817423","TRUE","TRUE"
"472","4047735","0.70073000","276.00000000","193.40148000","1599679818160","TRUE","TRUE"
"473","4047736","0.70071000","724.00000000","507.31404000","1599679818160","TRUE","TRUE"
"474","4047737","0.70072000","427.40000000","299.48772800","1599679818651","TRUE","TRUE"
"475","4047738","0.70071000","2568.00000000","1799.42328000","1599679818651","TRUE","TRUE"
"476","4047739","0.70070000","504.80000000","353.71336000","1599679818651","TRUE","TRUE"
"477","4047740","0.70045000","240.40000000","168.38818000","1599679818651","TRUE","TRUE"
"478","4047741","0.70043000","10735.40000000","7519.39622200","1599679818651","TRUE","TRUE"
"479","4047742","0.70043000","227.20000000","159.13769600","1599679818651","TRUE","TRUE"
"480","4047743","0.70045000","1000.00000000","700.45000000","1599679821020","TRUE","TRUE"
"481","4047744","0.70045000","1000.00000000","700.45000000","1599679825470","TRUE","TRUE"
"482","4047745","0.70171000","901.20000000","632.38105200","1599679825566","TRUE","TRUE"
"483","4047746","0.70171000","139.40000000","97.81837400","1599679825851","TRUE","TRUE"
"484","4047747","0.70044000","1011.50000000","708.49506000","1599679825851","TRUE","TRUE"
"485","4047748","0.70130000","143.50000000","100.63655000","1599679830746","TRUE","TRUE"
"486","4047749","0.70130000","1000.00000000","701.30000000","1599679832582","TRUE","TRUE"
"487","4047750","0.70128000","1000.00000000","701.28000000","1599679835049","TRUE","TRUE"
"488","4047751","0.70128000","14.40000000","10.09843200","1599679835250","TRUE","TRUE"
"489","4047752","0.70128000","2015.20000000","1413.21945600","1599679835759","TRUE","TRUE"
"490","4047753","0.70127000","285.60000000","200.28271200","1599679835759","TRUE","TRUE"
"491","4047754","0.70077000","1178.40000000","825.78736800","1599679835759","TRUE","TRUE"
"492","4047755","0.70150000","803.00000000","563.30450000","1599679836843","FALSE","TRUE"
"493","4047756","0.70150000","644.00000000","451.76600000","1599679836953","FALSE","TRUE"
"494","4047757","0.70150000","0.10000000","0.07015000","1599679837528","FALSE","TRUE"
"495","4047758","0.70173000","146.80000000","103.01396400","1599679837528","FALSE","TRUE"
"496","4047759","0.70217000","153.00000000","107.43201000","1599679837528","FALSE","TRUE"
"497","4047760","0.70079000","26.00000000","18.22054000","1599679837832","TRUE","TRUE"
"498","4047761","0.70134000","213.10000000","149.45555400","1599679840124","TRUE","TRUE"
"499","4047762","0.70135000","65.00000000","45.58775000","1599679844669","TRUE","TRUE"
"500","4047763","0.70215000","854.00000000","599.63610000","1599679846209","FALSE","TRUE"
"501","4047764","0.70215000","0.90000000","0.63193500","1599679854194","FALSE","TRUE"
"502","4047765","0.70215000","16.90000000","11.86633500","1599679854194","FALSE","TRUE"
"503","4047766","0.70215000","101.80000000","71.47887000","1599679854293","TRUE","TRUE"
"504","4047767","0.70216000","426.70000000","299.61167200","1599679854573","TRUE","TRUE"
"505","4047768","0.70215000","102.10000000","71.68951500","1599679854573","TRUE","TRUE"
"506","4047769","0.70216000","426.70000000","299.61167200","1599679855801","TRUE","TRUE"
"507","4047770","0.70215000","73.30000000","51.46759500","1599679855801","TRUE","TRUE"
"508","4047771","0.70291000","14.40000000","10.12190400","1599679856426","FALSE","TRUE"
"509","4047772","0.70215000","428.80000000","301.08192000","1599679856994","TRUE","TRUE"
"510","4047773","0.70215000","500.00000000","351.07500000","1599679857988","TRUE","TRUE"
"511","4047774","0.70215000","742.70000000","521.48680500","1599679858662","TRUE","TRUE"
"512","4047775","0.70215000","500.00000000","351.07500000","1599679859753","TRUE","TRUE"
"513","4047776","0.70215000","428.80000000","301.08192000","1599679860397","TRUE","TRUE"
"514","4047777","0.70284000","570.00000000","400.61880000","1599679861068","FALSE","TRUE"
"515","4047778","0.70215000","186.00000000","130.59990000","1599679861355","TRUE","TRUE"
"516","4047779","0.70215000","51.30000000","36.02029500","1599679861355","TRUE","TRUE"
"517","4047780","0.70215000","494.00000000","346.86210000","1599679861464","TRUE","TRUE"
"518","4047781","0.70215000","128.60000000","90.29649000","1599679862180","TRUE","TRUE"
"519","4047782","0.70216000","500.00000000","351.08000000","1599679862557","TRUE","TRUE"
"520","4047783","0.70216000","78.00000000","54.76848000","1599679863306","TRUE","TRUE"
"521","4047784","0.70215000","500.00000000","351.07500000","1599679864529","TRUE","TRUE"
"522","4047785","0.70215000","458.20000000","321.72513000","1599679865750","TRUE","TRUE"
"523","4047786","0.70153000","41.80000000","29.32395400","1599679865750","TRUE","TRUE"
"524","4047787","0.70155000","500.00000000","350.77500000","1599679867456","TRUE","TRUE"
"525","4047788","0.70155000","500.00000000","350.77500000","1599679868679","TRUE","TRUE"
"526","4047789","0.70156000","500.00000000","350.78000000","1599679869782","TRUE","TRUE"
"527","4047790","0.70158000","500.00000000","350.79000000","1599679870782","TRUE","TRUE"
"528","4047791","0.70159000","500.00000000","350.79500000","1599679872384","TRUE","TRUE"
"529","4047792","0.70161000","500.00000000","350.80500000","1599679873985","TRUE","TRUE"
"530","4047793","0.70161000","500.00000000","350.80500000","1599679874979","TRUE","TRUE"
"531","4047794","0.70162000","500.00000000","350.81000000","1599679876354","TRUE","TRUE"
"532","4047795","0.70162000","500.00000000","350.81000000","1599679877003","TRUE","TRUE"
"533","4047796","0.70164000","500.00000000","350.82000000","1599679877584","TRUE","TRUE"
"534","4047797","0.70164000","500.00000000","350.82000000","1599679877710","TRUE","TRUE"
"535","4047798","0.70164000","500.00000000","350.82000000","1599679878341","TRUE","TRUE"
"536","4047799","0.70164000","500.00000000","350.82000000","1599679879087","TRUE","TRUE"
"537","4047800","0.70165000","500.00000000","350.82500000","1599679880531","TRUE","TRUE"
"538","4047801","0.70165000","500.00000000","350.82500000","1599679880668","TRUE","TRUE"
"539","4047802","0.70238000","440.80000000","309.60910400","1599679880711","FALSE","TRUE"
"540","4047803","0.70165000","26.00000000","18.24290000","1599679880958","TRUE","TRUE"
"541","4047804","0.70165000","500.00000000","350.82500000","1599679881078","TRUE","TRUE"
"542","4047805","0.70165000","500.00000000","350.82500000","1599679881268","TRUE","TRUE"
"543","4047806","0.70165000","500.00000000","350.82500000","1599679881691","TRUE","TRUE"
"544","4047807","0.70165000","500.00000000","350.82500000","1599679881764","TRUE","TRUE"
"545","4047808","0.70166000","500.00000000","350.83000000","1599679882293","TRUE","TRUE"
"546","4047809","0.70169000","500.00000000","350.84500000","1599679882720","TRUE","TRUE"
"547","4047810","0.70169000","213.30000000","149.67047700","1599679883191","TRUE","TRUE"
"548","4047811","0.70165000","106.70000000","74.86605500","1599679883191","TRUE","TRUE"
"549","4047812","0.70165000","500.00000000","350.82500000","1599679883296","TRUE","TRUE"
"550","4047813","0.70165000","500.00000000","350.82500000","1599679883533","TRUE","TRUE"
"551","4047814","0.70166000","500.00000000","350.83000000","1599679883644","TRUE","TRUE"
"552","4047815","0.70166000","500.00000000","350.83000000","1599679883832","TRUE","TRUE"
"553","4047816","0.70158000","370.40000000","259.86523200","1599679884264","TRUE","TRUE"
"554","4047817","0.70150000","129.60000000","90.91440000","1599679884264","TRUE","TRUE"
"555","4047818","0.70150000","500.00000000","350.75000000","1599679884385","TRUE","TRUE"
"556","4047819","0.70150000","234.00000000","164.15100000","1599679884480","TRUE","TRUE"
"557","4047820","0.70143000","57.80000000","40.54265400","1599679884480","TRUE","TRUE"
"558","4047821","0.70129000","208.20000000","146.00857800","1599679884480","TRUE","TRUE"
"559","4047822","0.70133000","500.00000000","350.66500000","1599679884998","TRUE","TRUE"
"560","4047823","0.70133000","500.00000000","350.66500000","1599679885220","TRUE","TRUE"
"561","4047824","0.70130000","500.00000000","350.65000000","1599679885478","TRUE","TRUE"
"562","4047825","0.70129000","500.00000000","350.64500000","1599679885843","TRUE","TRUE"
"563","4047826","0.70225000","239.10000000","167.90797500","1599679895832","FALSE","TRUE"
"564","4047827","0.70229000","110.90000000","77.88396100","1599679895832","FALSE","TRUE"
"565","4047828","0.70228000","108.50000000","76.19738000","1599679902441","FALSE","TRUE"
"566","4047829","0.70146000","937.50000000","657.61875000","1599679905134","TRUE","TRUE"
"567","4047830","0.70147000","19.70000000","13.81895900","1599679906352","TRUE","TRUE"
"568","4047831","0.70197000","1000.00000000","701.97000000","1599679909447","TRUE","TRUE"
"569","4047832","0.70197000","1171.90000000","822.63864300","1599679910788","TRUE","TRUE"
"570","4047833","0.70197000","1000.00000000","701.97000000","1599679910791","TRUE","TRUE"
"571","4047834","0.70152000","178.40000000","125.15116800","1599679910794","TRUE","TRUE"
"572","4047835","0.70152000","1105.60000000","775.60051200","1599679910875","TRUE","TRUE"
"573","4047836","0.70152000","2675.00000000","1876.56600000","1599679910875","TRUE","TRUE"
"574","4047837","0.70144000","427.10000000","299.58502400","1599679911147","TRUE","TRUE"
"575","4047838","0.70129000","572.90000000","401.76904100","1599679911147","TRUE","TRUE"
"576","4047839","0.70150000","1000.00000000","701.50000000","1599679913226","TRUE","TRUE"
"577","4047840","0.70151000","49.90000000","35.00534900","1599679914730","TRUE","TRUE"
"578","4047841","0.70151000","151.40000000","106.20861400","1599679914737","TRUE","TRUE"
"579","4047842","0.70151000","600.00000000","420.90600000","1599679914916","TRUE","TRUE"
"580","4047843","0.70151000","1000.00000000","701.51000000","1599679916406","TRUE","TRUE"
"581","4047844","0.70151000","1000.00000000","701.51000000","1599679917900","TRUE","TRUE"
"582","4047845","0.70150000","150.10000000","105.29515000","1599679918658","TRUE","TRUE"
"583","4047846","0.70150000","1000.00000000","701.50000000","1599679919356","TRUE","TRUE"
"584","4047847","0.70150000","1000.00000000","701.50000000","1599679921270","TRUE","TRUE"
"585","4047848","0.70151000","1000.00000000","701.51000000","1599679922122","TRUE","TRUE"
"586","4047849","0.70151000","1000.00000000","701.51000000","1599679923502","TRUE","TRUE"
"587","4047850","0.70150000","1000.00000000","701.50000000","1599679924302","TRUE","TRUE"
"588","4047851","0.70153000","1000.00000000","701.53000000","1599679925844","TRUE","TRUE"
"589","4047852","0.70152000","1000.00000000","701.52000000","1599679926740","TRUE","TRUE"
"590","4047853","0.70151000","1000.00000000","701.51000000","1599679927815","TRUE","TRUE"
"591","4047854","0.70150000","314.80000000","220.83220000","1599679928373","TRUE","TRUE"
"592","4047855","0.70150000","1000.00000000","701.50000000","1599679928783","TRUE","TRUE"
"593","4047856","0.70150000","1000.00000000","701.50000000","1599679929953","TRUE","TRUE"
"594","4047857","0.70200000","1498.50000000","1051.94700000","1599679930510","FALSE","TRUE"
"595","4047858","0.70222000","744.70000000","522.94323400","1599679930510","FALSE","TRUE"
"596","4047859","0.70240000","439.50000000","308.70480000","1599679930510","FALSE","TRUE"
"597","4047860","0.70282000","250.00000000","175.70500000","1599679930510","FALSE","TRUE"
"598","4047861","0.70283000","500.00000000","351.41500000","1599679930510","FALSE","TRUE"
"599","4047862","0.70295000","721.70000000","507.31901500","1599679930510","FALSE","TRUE"
"600","4047863","0.70300000","18.80000000","13.21640000","1599679930510","FALSE","TRUE"
"601","4047864","0.70300000","436.30000000","306.71890000","1599679930510","FALSE","TRUE"
"602","4047865","0.70325000","5178.70000000","3641.92077500","1599679930510","FALSE","TRUE"
"603","4047866","0.70220000","246.00000000","172.74120000","1599679931941","FALSE","TRUE"
"604","4047867","0.70196000","426.70000000","299.52633200","1599679936089","TRUE","TRUE"
"605","4047868","0.70195000","724.30000000","508.42238500","1599679936089","TRUE","TRUE"
"606","4047869","0.70215000","30.80000000","21.62622000","1599679940071","TRUE","TRUE"
"607","4047870","0.70225000","2782.00000000","1953.65950000","1599679947085","TRUE","TRUE"
"608","4047871","0.70225000","2782.00000000","1953.65950000","1599679947085","TRUE","TRUE"
"609","4047872","0.70214000","426.70000000","299.60313800","1599679947085","TRUE","TRUE"
"610","4047873","0.70195000","73.20000000","51.38274000","1599679947085","TRUE","TRUE"
"611","4047874","0.70194000","6112.30000000","4290.46786200","1599679947085","TRUE","TRUE"
"612","4047875","0.70185000","2107.00000000","1478.79795000","1599679947095","FALSE","TRUE"
"613","4047876","0.70185000","2812.00000000","1973.60220000","1599679947097","FALSE","TRUE"
"614","4047877","0.70185000","2811.00000000","1972.90035000","1599679947097","FALSE","TRUE"
"615","4047878","0.70185000","2833.00000000","1988.34105000","1599679947099","FALSE","TRUE"
"616","4047879","0.70185000","838.80000000","588.71178000","1599679947114","FALSE","TRUE"
"617","4047880","0.70185000","22.00000000","15.44070000","1599679947205","FALSE","TRUE"
"618","4047881","0.70185000","77.40000000","54.32319000","1599679947298","FALSE","TRUE"
"619","4047882","0.70185000","1611.00000000","1130.68035000","1599679947312","FALSE","TRUE"
"620","4047883","0.70185000","151.00000000","105.97935000","1599679947319","FALSE","TRUE"
"621","4047884","0.70185000","1539.00000000","1080.14715000","1599679947327","FALSE","TRUE"
"622","4047885","0.70185000","702.00000000","492.69870000","1599679947519","FALSE","TRUE"
"623","4047886","0.70185000","784.00000000","550.25040000","1599679947630","FALSE","TRUE"
"624","4047887","0.70185000","746.00000000","523.58010000","1599679947735","FALSE","TRUE"
"625","4047888","0.70185000","720.00000000","505.33200000","1599679947860","FALSE","TRUE"
"626","4047889","0.70185000","674.00000000","473.04690000","1599679948064","FALSE","TRUE"
"627","4047890","0.70185000","669.00000000","469.53765000","1599679948172","FALSE","TRUE"
"628","4047891","0.70185000","708.00000000","496.90980000","1599679948279","FALSE","TRUE"
"629","4047892","0.70185000","735.00000000","515.85975000","1599679948380","FALSE","TRUE"
"630","4047893","0.70185000","806.00000000","565.69110000","1599679948542","FALSE","TRUE"
"631","4047894","0.70185000","776.00000000","544.63560000","1599679948692","FALSE","TRUE"
"632","4047895","0.70185000","729.00000000","511.64865000","1599679948792","FALSE","TRUE"
"633","4047896","0.70185000","749.00000000","525.68565000","1599679948904","FALSE","TRUE"
"634","4047897","0.70185000","746.00000000","523.58010000","1599679949016","FALSE","TRUE"
"635","4047898","0.70153000","251.00000000","176.08403000","1599679949148","TRUE","TRUE"
"636","4047899","0.70185000","733.00000000","514.45605000","1599679949332","FALSE","TRUE"
"637","4047900","0.70185000","3544.50000000","2487.70732500","1599679949537","FALSE","TRUE"
"638","4047901","0.70185000","677.00000000","475.15245000","1599679949650","FALSE","TRUE"
"639","4047902","0.70185000","618.30000000","433.95385500","1599679949698","FALSE","TRUE"
"640","4047903","0.70185000","787.00000000","552.35595000","1599679949771","FALSE","TRUE"
"641","4047904","0.70185000","780.00000000","547.44300000","1599679949870","FALSE","TRUE"
"642","4047905","0.70185000","39.00000000","27.37215000","1599679949974","FALSE","TRUE"
"643","4047906","0.70185000","695.00000000","487.78575000","1599679950080","FALSE","TRUE"
"644","4047907","0.70185000","2120.00000000","1487.92200000","1599679950098","FALSE","TRUE"
"645","4047908","0.70153000","1000.00000000","701.53000000","1599679950173","TRUE","TRUE"
"646","4047909","0.70151000","525.50000000","368.64350500","1599679951148","TRUE","TRUE"
"647","4047910","0.70150000","474.50000000","332.86175000","1599679951148","TRUE","TRUE"
"648","4047911","0.70150000","1000.00000000","701.50000000","1599679952183","TRUE","TRUE"
"649","4047912","0.70151000","1000.00000000","701.51000000","1599679954317","TRUE","TRUE"
"650","4047913","0.70151000","1000.00000000","701.51000000","1599679955357","TRUE","TRUE"
"651","4047914","0.70151000","150.90000000","105.85785900","1599679955391","TRUE","TRUE"
"652","4047915","0.70150000","510.40000000","358.04560000","1599679956824","TRUE","TRUE"
"653","4047916","0.70150000","76.50000000","53.66475000","1599679956834","TRUE","TRUE"
"654","4047917","0.70150000","1000.00000000","701.50000000","1599679956842","TRUE","TRUE"
"655","4047918","0.70150000","31.30000000","21.95695000","1599679957700","TRUE","TRUE"
"656","4047919","0.70150000","14.90000000","10.45235000","1599679957700","TRUE","TRUE"
"657","4047920","0.70140000","953.80000000","668.99532000","1599679957700","TRUE","TRUE"
"658","4047921","0.70141000","155.30000000","108.92897300","1599679959291","TRUE","TRUE"
"659","4047922","0.70200000","759.00000000","532.81800000","1599679959802","FALSE","TRUE"
"660","4047923","0.70200000","700.00000000","491.40000000","1599679960014","FALSE","TRUE"
"661","4047924","0.70200000","755.00000000","530.01000000","1599679960112","FALSE","TRUE"
"662","4047925","0.70200000","567.00000000","398.03400000","1599679960224","FALSE","TRUE"
"663","4047926","0.70200000","560.00000000","393.12000000","1599679960324","FALSE","TRUE"
"664","4047927","0.70200000","687.00000000","482.27400000","1599679961380","FALSE","TRUE"
"665","4047928","0.70200000","661.00000000","464.02200000","1599679961481","FALSE","TRUE"
"666","4047929","0.70200000","664.00000000","466.12800000","1599679961592","FALSE","TRUE"
"667","4047930","0.70200000","734.00000000","515.26800000","1599679961687","FALSE","TRUE"
"668","4047931","0.70200000","347.00000000","243.59400000","1599679961788","FALSE","TRUE"
"669","4047932","0.70200000","775.00000000","544.05000000","1599679962733","FALSE","TRUE"
"670","4047933","0.70143000","150.40000000","105.49507200","1599679963142","TRUE","TRUE"
"671","4047934","0.70200000","796.00000000","558.79200000","1599679963263","FALSE","TRUE"
"672","4047935","0.70200000","708.00000000","497.01600000","1599679963372","FALSE","TRUE"
"673","4047936","0.70200000","719.00000000","504.73800000","1599679963476","FALSE","TRUE"
"674","4047937","0.70200000","568.00000000","398.73600000","1599679963577","FALSE","TRUE"
"675","4047938","0.70143000","185.90000000","130.39583700","1599679969187","TRUE","TRUE"
"676","4047939","0.70143000","912.60000000","640.12501800","1599679969190","TRUE","TRUE"
"677","4047940","0.70143000","591.90000000","415.17641700","1599679969204","TRUE","TRUE"
"678","4047941","0.70143000","320.70000000","224.94860100","1599679969218","TRUE","TRUE"
"679","4047942","0.70143000","271.20000000","190.22781600","1599679969227","TRUE","TRUE"
"680","4047943","0.70143000","84.80000000","59.48126400","1599679969240","TRUE","TRUE"
"681","4047944","0.70142000","169.50000000","118.89069000","1599679969282","TRUE","TRUE"
"682","4047945","0.70130000","62.30000000","43.69099000","1599679969282","TRUE","TRUE"
"683","4047946","0.70116000","399.40000000","280.04330400","1599679969486","TRUE","TRUE"
"684","4047947","0.70152000","1282.90000000","899.98000800","1599679975539","FALSE","TRUE"
"685","4047948","0.70152000","407.40000000","285.79924800","1599679975575","FALSE","TRUE"
"686","4047949","0.70211000","427.00000000","299.80097000","1599679976830","FALSE","TRUE"
"687","4047950","0.70102000","427.20000000","299.47574400","1599679979391","TRUE","TRUE"
"688","4047951","0.70041000","250.00000000","175.10250000","1599679979391","TRUE","TRUE"
"689","4047952","0.70040000","757.00000000","530.20280000","1599679979391","TRUE","TRUE"
"690","4047953","0.70040000","402.50000000","281.91100000","1599679979391","TRUE","TRUE"
"691","4047954","0.70040000","163.30000000","114.37532000","1599679979391","TRUE","TRUE"
"692","4047955","0.70040000","193.40000000","135.45736000","1599679979391","TRUE","TRUE"
"693","4047956","0.70040000","456.00000000","319.38240000","1599679979391","TRUE","TRUE"
"694","4047957","0.70039000","25.40000000","17.78990600","1599679979391","TRUE","TRUE"
"695","4047958","0.70038000","1358.90000000","951.74638200","1599679979391","TRUE","TRUE"
"696","4047959","0.70037000","5750.00000000","4027.12750000","1599679979391","TRUE","TRUE"
"697","4047960","0.70027000","41.90000000","29.34131300","1599679979391","TRUE","TRUE"
"698","4047961","0.70020000","42.50000000","29.75850000","1599679979391","TRUE","TRUE"
"699","4047962","0.70015000","26.50000000","18.55397500","1599679979391","TRUE","TRUE"
"700","4047963","0.70007000","2979.60000000","2085.92857200","1599679979391","TRUE","TRUE"
"701","4047964","0.70007000","1980.40000000","1386.41862800","1599679979391","TRUE","TRUE"
"702","4047965","0.70002000","804.50000000","563.16609000","1599679979391","TRUE","TRUE"
"703","4047966","0.70041000","231.20000000","161.93479200","1599679980302","TRUE","TRUE"
"704","4047967","0.70043000","2000.00000000","1400.86000000","1599679981561","TRUE","TRUE"
"705","4047968","0.70044000","1755.70000000","1229.76250800","1599679982225","TRUE","TRUE"
"706","4047969","0.70049000","2000.00000000","1400.98000000","1599679983410","TRUE","TRUE"
"707","4047970","0.70046000","2000.00000000","1400.92000000","1599679984207","TRUE","TRUE"
"708","4047971","0.70048000","152.00000000","106.47296000","1599679985687","TRUE","TRUE"
"709","4047972","0.70046000","128.00000000","89.65888000","1599679985859","TRUE","TRUE"
"710","4047973","0.70043000","500.00000000","350.21500000","1599679985859","TRUE","TRUE"
"711","4047974","0.70041000","1372.00000000","960.96252000","1599679985859","TRUE","TRUE"
"712","4047975","0.70028000","2000.00000000","1400.56000000","1599679986923","TRUE","TRUE"
"713","4047976","0.70028000","2000.00000000","1400.56000000","1599679987459","TRUE","TRUE"
"714","4047977","0.70028000","2000.00000000","1400.56000000","1599679988503","TRUE","TRUE"
"715","4047978","0.70029000","1487.50000000","1041.68137500","1599679989579","TRUE","TRUE"
"716","4047979","0.70028000","512.50000000","358.89350000","1599679989579","TRUE","TRUE"
"717","4047980","0.70078000","2000.00000000","1401.56000000","1599679990882","TRUE","TRUE"
"718","4047981","0.70077000","17.00000000","11.91309000","1599679991661","TRUE","TRUE"
"719","4047982","0.70077000","1983.00000000","1389.62691000","1599679991661","TRUE","TRUE"
"720","4047983","0.70211000","0.30000000","0.21063300","1599679991962","FALSE","TRUE"
"721","4047984","0.70212000","28.20000000","19.79978400","1599679991962","FALSE","TRUE"
"722","4047985","0.70212000","69.00000000","48.44628000","1599679992351","FALSE","TRUE"
"723","4047986","0.70211000","688.00000000","483.05168000","1599679992428","FALSE","TRUE"
"724","4047987","0.70211000","592.00000000","415.64912000","1599679992532","FALSE","TRUE"
"725","4047988","0.70079000","427.20000000","299.37748800","1599679992984","TRUE","TRUE"
"726","4047989","0.70078000","1572.80000000","1102.18678400","1599679992984","TRUE","TRUE"
"727","4047990","0.70081000","427.20000000","299.38603200","1599679994080","TRUE","TRUE"
"728","4047991","0.70078000","1572.80000000","1102.18678400","1599679994080","TRUE","TRUE"
"729","4047992","0.70093000","427.20000000","299.43729600","1599680000188","TRUE","TRUE"
"730","4047993","0.70077000","17.20000000","12.05324400","1599680000188","TRUE","TRUE"
"731","4047994","0.70065000","1487.50000000","1042.21687500","1599680000188","TRUE","TRUE"
"732","4047995","0.70027000","5850.00000000","4096.57950000","1599680000188","TRUE","TRUE"
"733","4047996","0.70026000","2975.20000000","2083.41355200","1599680000188","TRUE","TRUE"
"734","4047997","0.70002000","1656.50000000","1159.58313000","1599680000188","TRUE","TRUE"
"735","4047998","0.70000000","23.20000000","16.24000000","1599680000188","TRUE","TRUE"
"736","4047999","0.70000000","1208.00000000","845.60000000","1599680000188","TRUE","TRUE"
"737","4048000","0.70000000","3355.20000000","2348.64000000","1599680000188","TRUE","TRUE"
"738","4048001","0.70000000","197.10000000","137.97000000","1599680000188","TRUE","TRUE"
"739","4048002","0.70000000","1447.70000000","1013.39000000","1599680000218","TRUE","TRUE"
"740","4048003","0.70000000","17.10000000","11.97000000","1599680000218","TRUE","TRUE"
"741","4048004","0.70000000","20.70000000","14.49000000","1599680000218","TRUE","TRUE"
"742","4048005","0.70000000","478.60000000","335.02000000","1599680000218","TRUE","TRUE"
"743","4048006","0.70079000","277.40000000","194.39914600","1599680001212","TRUE","TRUE"
"744","4048007","0.70080000","219.00000000","153.47520000","1599680001641","TRUE","TRUE"
"745","4048008","0.70211000","0.60000000","0.42126600","1599680003462","FALSE","TRUE"
"746","4048009","0.70211000","778.40000000","546.52242400","1599680003462","FALSE","TRUE"
"747","4048010","0.70210000","693.00000000","486.55530000","1599680003674","FALSE","TRUE"
"748","4048011","0.70208000","588.00000000","412.82304000","1599680003780","FALSE","TRUE"
"749","4048012","0.70208000","0.50000000","0.35104000","1599680003985","FALSE","TRUE"
"750","4048013","0.70208000","793.50000000","557.10048000","1599680003985","FALSE","TRUE"
"751","4048014","0.70207000","766.00000000","537.78562000","1599680004096","FALSE","TRUE"
"752","4048015","0.70206000","776.00000000","544.79856000","1599680004192","FALSE","TRUE"
"753","4048016","0.70206000","756.00000000","530.75736000","1599680004296","FALSE","TRUE"
"754","4048017","0.70205000","184.00000000","129.17720000","1599680004407","FALSE","TRUE"
"755","4048018","0.70204000","691.00000000","485.10964000","1599680005852","FALSE","TRUE"
"756","4048019","0.70203000","735.00000000","515.99205000","1599680005951","FALSE","TRUE"
"757","4048020","0.70202000","805.00000000","565.12610000","1599680006160","FALSE","TRUE"
"758","4048021","0.70197000","674.00000000","473.12778000","1599680009836","FALSE","TRUE"
"759","4048022","0.70197000","721.00000000","506.12037000","1599680009941","FALSE","TRUE"
"760","4048023","0.70197000","293.00000000","205.67721000","1599680010049","FALSE","TRUE"
"761","4048024","0.70197000","0.70000000","0.49137900","1599680019397","FALSE","TRUE"
"762","4048025","0.70202000","45.10000000","31.66110200","1599680019492","TRUE","TRUE"
"763","4048026","0.70211000","200.00000000","140.42200000","1599680019632","FALSE","TRUE"
"764","4048027","0.70211000","744.00000000","522.36984000","1599680019797","FALSE","TRUE"
"765","4048028","0.70211000","356.00000000","249.95116000","1599680019953","FALSE","TRUE"
"766","4048029","0.70212000","0.10000000","0.07021200","1599680020051","FALSE","TRUE"
"767","4048030","0.70212000","753.90000000","529.32826800","1599680020051","FALSE","TRUE"
"768","4048031","0.70212000","771.00000000","541.33452000","1599680020158","FALSE","TRUE"
"769","4048032","0.70212000","191.00000000","134.10492000","1599680020216","FALSE","TRUE"
"770","4048033","0.70212000","535.80000000","376.19589600","1599680020217","FALSE","TRUE"
"771","4048034","0.70232000","951.20000000","668.04678400","1599680020217","FALSE","TRUE"
"772","4048035","0.70119000","161.30000000","113.10194700","1599680021647","TRUE","TRUE"
"773","4048036","0.70230000","161.00000000","113.07030000","1599680021734","FALSE","TRUE"
"774","4048037","0.70230000","0.40000000","0.28092000","1599680021938","FALSE","TRUE"
"775","4048038","0.70231000","48.80000000","34.27272800","1599680021938","FALSE","TRUE"
"776","4048039","0.70231000","713.00000000","500.74703000","1599680021952","FALSE","TRUE"
"777","4048040","0.70231000","732.00000000","514.09092000","1599680022059","FALSE","TRUE"
"778","4048041","0.70231000","504.00000000","353.96424000","1599680022168","FALSE","TRUE"
"779","4048042","0.70232000","805.00000000","565.36760000","1599680022175","FALSE","TRUE"
"780","4048043","0.70232000","0.80000000","0.56185600","1599680022186","FALSE","TRUE"
"781","4048044","0.70197000","1282.10000000","899.99573700","1599680023704","FALSE","TRUE"
"782","4048045","0.70197000","1282.10000000","899.99573700","1599680023745","FALSE","TRUE"
"783","4048046","0.70197000","337.00000000","236.56389000","1599680023748","FALSE","TRUE"
"784","4048047","0.70197000","336.90000000","236.49369300","1599680023788","FALSE","TRUE"
"785","4048048","0.70197000","1282.10000000","899.99573700","1599680023791","FALSE","TRUE"
"786","4048049","0.70197000","336.70000000","236.35329900","1599680023850","FALSE","TRUE"
"787","4048050","0.70197000","1282.10000000","899.99573700","1599680023853","FALSE","TRUE"
"788","4048051","0.70197000","230.40000000","161.73388800","1599680023867","FALSE","TRUE"
"789","4048052","0.70197000","336.00000000","235.86192000","1599680023895","FALSE","TRUE"
"790","4048053","0.70197000","336.00000000","235.86192000","1599680023963","FALSE","TRUE"
"791","4048054","0.70197000","591.70000000","415.35564900","1599680024070","FALSE","TRUE"
"792","4048055","0.70197000","18.40000000","12.91624800","1599680024073","FALSE","TRUE"
"793","4048056","0.70200000","206.30000000","144.82260000","1599680024167","FALSE","TRUE"
"794","4048057","0.70200000","1282.00000000","899.96400000","1599680024178","FALSE","TRUE"
"795","4048058","0.70200000","1282.00000000","899.96400000","1599680024223","FALSE","TRUE"
"796","4048059","0.70200000","322.80000000","226.60560000","1599680024240","FALSE","TRUE"
"797","4048060","0.70200000","103.20000000","72.44640000","1599680024262","FALSE","TRUE"
"798","4048061","0.70200000","73.20000000","51.38640000","1599680024278","FALSE","TRUE"
"799","4048062","0.70200000","29.00000000","20.35800000","1599680025131","FALSE","TRUE"
"800","4048063","0.70200000","0.90000000","0.63180000","1599680026096","FALSE","TRUE"
"801","4048064","0.70298000","967.00000000","679.78166000","1599680026096","FALSE","TRUE"
"802","4048065","0.70300000","4433.70000000","3116.89110000","1599680026096","FALSE","TRUE"
"803","4048066","0.70300000","528.60000000","371.60580000","1599680026131","FALSE","TRUE"
"804","4048067","0.70300000","66.40000000","46.67920000","1599680026133","FALSE","TRUE"
"805","4048068","0.70210000","111.90000000","78.56499000","1599680026775","TRUE","TRUE"
"806","4048069","0.70210000","26.50000000","18.60565000","1599680026884","TRUE","TRUE"
"807","4048070","0.70212000","203.10000000","142.60057200","1599680027361","TRUE","TRUE"
"808","4048071","0.70213000","169.20000000","118.80039600","1599680029351","TRUE","TRUE"
"809","4048072","0.70289000","1195.30000000","840.16441700","1599680034728","FALSE","TRUE"
"810","4048073","0.70290000","111.90000000","78.65451000","1599680034728","FALSE","TRUE"
"811","4048074","0.70300000","2351.00000000","1652.75300000","1599680034728","FALSE","TRUE"
"812","4048075","0.70215000","213.60000000","149.97924000","1599680035764","TRUE","TRUE"
"813","4048076","0.70218000","213.60000000","149.98564800","1599680037954","TRUE","TRUE"
"814","4048077","0.70218000","284.80000000","199.98086400","1599680039869","TRUE","TRUE"
"815","4048078","0.70218000","1751.60000000","1229.93848800","1599680041364","TRUE","TRUE"
"816","4048079","0.70218000","16.90000000","11.86684200","1599680041428","TRUE","TRUE"
"817","4048080","0.70217000","469.40000000","329.59859800","1599680041443","TRUE","TRUE"
"818","4048081","0.70201000","284.90000000","200.00264900","1599680044607","TRUE","TRUE"
"819","4048082","0.70281000","229.60000000","161.36517600","1599680044998","FALSE","TRUE"
"820","4048083","0.70282000","293.40000000","206.20738800","1599680044998","FALSE","TRUE"
"821","4048084","0.70278000","21.40000000","15.03949200","1599680047996","FALSE","TRUE"
"822","4048085","0.70279000","44.60000000","31.34443400","1599680053619","FALSE","TRUE"
"823","4048086","0.70279000","923.30000000","648.88600700","1599680065645","FALSE","TRUE"
"824","4048087","0.70280000","1486.90000000","1044.99332000","1599680065667","FALSE","TRUE"
"825","4048088","0.70230000","99.60000000","69.94908000","1599680066117","FALSE","TRUE"
"826","4048089","0.70290000","15.00000000","10.54350000","1599680068516","FALSE","TRUE"
"827","4048090","0.70290000","142.20000000","99.95238000","1599680076103","FALSE","TRUE"
"828","4048091","0.70290000","21.40000000","15.04206000","1599680077282","FALSE","TRUE"
"829","4048092","0.70290000","194.10000000","136.43289000","1599680078295","FALSE","TRUE"
"830","4048093","0.70300000","999.00000000","702.29700000","1599680078295","FALSE","TRUE"
"831","4048094","0.70300000","1996.80000000","1403.75040000","1599680078295","FALSE","TRUE"
"832","4048095","0.70329000","101.80000000","71.59492200","1599680078295","FALSE","TRUE"
"833","4048096","0.70366000","422.60000000","297.36671600","1599680078295","FALSE","TRUE"
"834","4048097","0.70399000","700.00000000","492.79300000","1599680078295","FALSE","TRUE"
"835","4048098","0.70399000","250.00000000","175.99750000","1599680078295","FALSE","TRUE"
"836","4048099","0.70399000","835.70000000","588.32444300","1599680078295","FALSE","TRUE"
"837","4048100","0.70398000","211.10000000","148.61017800","1599680078394","FALSE","TRUE"
"838","4048101","0.70394000","44.40000000","31.25493600","1599680080294","FALSE","TRUE"
"839","4048102","0.70392000","358.10000000","252.07375200","1599680084799","FALSE","TRUE"
"840","4048103","0.70390000","111.50000000","78.48485000","1599680087302","TRUE","TRUE"
"841","4048104","0.70392000","329.90000000","232.22320800","1599680089173","TRUE","TRUE"
"842","4048105","0.70279000","163.60000000","114.97644400","1599680091266","TRUE","TRUE"
"843","4048106","0.70279000","141.50000000","99.44478500","1599680091299","TRUE","TRUE"
"844","4048107","0.70279000","163.60000000","114.97644400","1599680092938","TRUE","TRUE"
"845","4048108","0.70245000","835.40000000","586.82673000","1599680092938","TRUE","TRUE"
"846","4048109","0.70327000","138.80000000","97.61387600","1599680094316","FALSE","TRUE"
"847","4048110","0.70246000","150.60000000","105.79047600","1599680095287","TRUE","TRUE"
"848","4048111","0.70290000","355.60000000","249.95124000","1599680097295","TRUE","TRUE"
"849","4048112","0.70246000","150.30000000","105.57973800","1599680099188","TRUE","TRUE"
"850","4048113","0.70322000","222.40000000","156.39612800","1599680102662","FALSE","TRUE"
"851","4048114","0.70246000","151.30000000","106.28219800","1599680103258","TRUE","TRUE"
"852","4048115","0.70246000","15.90000000","11.16911400","1599680103776","TRUE","TRUE"
"853","4048116","0.70250000","58.00000000","40.74500000","1599680107167","TRUE","TRUE"
"854","4048117","0.70246000","0.90000000","0.63221400","1599680107167","TRUE","TRUE"
"855","4048118","0.70211000","92.20000000","64.73454200","1599680107167","TRUE","TRUE"
"856","4048119","0.70250000","150.70000000","105.86675000","1599680111072","TRUE","TRUE"
"857","4048120","0.70250000","151.40000000","106.35850000","1599680114990","TRUE","TRUE"
"858","4048121","0.70312000","62.00000000","43.59344000","1599680115283","FALSE","TRUE"
"859","4048122","0.70311000","2996.00000000","2106.51756000","1599680116128","FALSE","TRUE"
"860","4048123","0.70315000","561.80000000","395.02967000","1599680116128","FALSE","TRUE"
"861","4048124","0.70315000","40.20000000","28.26663000","1599680116129","FALSE","TRUE"
"862","4048125","0.70315000","712.50000000","500.99437500","1599680116137","FALSE","TRUE"
"863","4048126","0.70251000","150.90000000","106.00875900","1599680118990","TRUE","TRUE"
"864","4048127","0.70256000","182.70000000","128.35771200","1599680123811","TRUE","TRUE"
"865","4048128","0.70262000","151.40000000","106.37666800","1599680127792","TRUE","TRUE"
"866","4048129","0.70251000","157.60000000","110.71557600","1599680132289","TRUE","TRUE"
"867","4048130","0.70250000","238.90000000","167.82725000","1599680134973","TRUE","TRUE"
"868","4048131","0.70239000","469.30000000","329.63162700","1599680135174","TRUE","TRUE"
"869","4048132","0.70211000","150.60000000","105.73776600","1599680136093","TRUE","TRUE"
"870","4048133","0.70211000","34.10000000","23.94195100","1599680136965","TRUE","TRUE"
"871","4048134","0.70305000","24.60000000","17.29503000","1599680138570","FALSE","TRUE"
"872","4048135","0.70306000","2782.00000000","1955.91292000","1599680138570","FALSE","TRUE"
"873","4048136","0.70309000","6000.00000000","4218.54000000","1599680138570","FALSE","TRUE"
"874","4048137","0.70311000","1899.90000000","1335.83868900","1599680138570","FALSE","TRUE"
"875","4048138","0.70311000","2998.10000000","2107.99409100","1599680138570","FALSE","TRUE"
"876","4048139","0.70215000","153.30000000","107.63959500","1599680140175","TRUE","TRUE"
"877","4048140","0.70300000","101.20000000","71.14360000","1599680142638","TRUE","TRUE"
"878","4048141","0.70218000","2643.00000000","1855.86174000","1599680142644","FALSE","TRUE"
"879","4048142","0.70218000","0.10000000","0.07021800","1599680142646","FALSE","TRUE"
"880","4048143","0.70312000","202.90000000","142.66304800","1599680143209","FALSE","TRUE"
"881","4048144","0.70215000","150.80000000","105.88422000","1599680144184","TRUE","TRUE"
"882","4048145","0.70218000","150.30000000","105.53765400","1599680147997","TRUE","TRUE"
"883","4048146","0.70304000","1040.50000000","731.51312000","1599680151013","FALSE","TRUE"
"884","4048147","0.70305000","2568.00000000","1805.43240000","1599680151013","FALSE","TRUE"
"885","4048148","0.70311000","63.90000000","44.92872900","1599680151013","FALSE","TRUE"
"886","4048149","0.70313000","71.10000000","49.99254300","1599680151013","FALSE","TRUE"
"887","4048150","0.70316000","1899.90000000","1335.93368400","1599680151013","FALSE","TRUE"
"888","4048151","0.70317000","80.40000000","56.53486800","1599680151013","FALSE","TRUE"
"889","4048152","0.70327000","1266.60000000","890.76178200","1599680151013","FALSE","TRUE"
"890","4048153","0.70327000","100.00000000","70.32700000","1599680151013","FALSE","TRUE"
"891","4048154","0.70347000","1480.40000000","1041.41698800","1599680151013","FALSE","TRUE"
"892","4048155","0.70372000","64.00000000","45.03808000","1599680151028","FALSE","TRUE"
"893","4048156","0.70372000","295.00000000","207.59740000","1599680151028","FALSE","TRUE"
"894","4048157","0.70372000","299.70000000","210.90488400","1599680151028","FALSE","TRUE"
"895","4048158","0.70326000","674.50000000","474.34887000","1599680151036","FALSE","TRUE"
"896","4048159","0.70240000","200.00000000","140.48000000","1599680153215","TRUE","TRUE"
"897","4048160","0.70300000","77.10000000","54.20130000","1599680153922","FALSE","TRUE"
"898","4048161","0.70399000","1592.20000000","1120.89287800","1599680155163","FALSE","TRUE"
"899","4048162","0.70399000","200.20000000","140.93879800","1599680155163","FALSE","TRUE"
"900","4048163","0.70400000","1768.80000000","1245.23520000","1599680155163","FALSE","TRUE"
"901","4048164","0.70429000","85.70000000","60.35765300","1599680155163","FALSE","TRUE"
"902","4048165","0.70433000","169.20000000","119.17263600","1599680155163","FALSE","TRUE"
"903","4048166","0.70455000","3046.50000000","2146.41157500","1599680155163","FALSE","TRUE"
"904","4048167","0.70269000","150.10000000","105.47376900","1599680157235","TRUE","TRUE"
"905","4048168","0.70310000","150.20000000","105.60562000","1599680161127","TRUE","TRUE"
"906","4048169","0.70361000","125.00000000","87.95125000","1599680175177","TRUE","TRUE"
"907","4048170","0.70361000","343.40000000","241.61967400","1599680176305","TRUE","TRUE"
"908","4048171","0.70329000","152.10000000","106.97040900","1599680188000","TRUE","TRUE"
"909","4048172","0.70329000","316.50000000","222.59128500","1599680188077","TRUE","TRUE"
"910","4048173","0.70411000","150.00000000","105.61650000","1599680193696","FALSE","TRUE"
"911","4048174","0.70411000","500.00000000","352.05500000","1599680193696","FALSE","TRUE"
"912","4048175","0.70417000","500.00000000","352.08500000","1599680193696","FALSE","TRUE"
"913","4048176","0.70421000","500.00000000","352.10500000","1599680193696","FALSE","TRUE"
"914","4048177","0.70439000","500.00000000","352.19500000","1599680193696","FALSE","TRUE"
"915","4048178","0.70450000","4687.90000000","3302.62555000","1599680193696","FALSE","TRUE"
"916","4048179","0.70433000","38.70000000","27.25757100","1599680202242","FALSE","TRUE"
"917","4048180","0.70430000","537.30000000","378.42039000","1599680207969","TRUE","TRUE"
"918","4048181","0.70431000","132.40000000","93.25064400","1599680207972","FALSE","TRUE"
"919","4048182","0.70430000","380.60000000","268.05658000","1599680215659","FALSE","TRUE"
"920","4048183","0.70354000","233.00000000","163.92482000","1599680217337","TRUE","TRUE"
"921","4048184","0.70354000","235.50000000","165.68367000","1599680223390","TRUE","TRUE"
"922","4048185","0.70361000","95.20000000","66.98367200","1599680225249","FALSE","TRUE"
"923","4048186","0.70331000","284.50000000","200.09169500","1599680228455","TRUE","TRUE"
"924","4048187","0.70354000","279.00000000","196.28766000","1599680229411","FALSE","TRUE"
"925","4048188","0.70354000","0.50000000","0.35177000","1599680229413","FALSE","TRUE"
"926","4048189","0.70361000","5.70000000","4.01057700","1599680230159","FALSE","TRUE"
"927","4048190","0.70427000","200.00000000","140.85400000","1599680230159","FALSE","TRUE"
"928","4048191","0.70429000","916.10000000","645.20006900","1599680230159","FALSE","TRUE"
"929","4048192","0.70468000","28.30000000","19.94244400","1599680230159","FALSE","TRUE"
"930","4048193","0.70468000","1334.40000000","940.32499200","1599680230159","FALSE","TRUE"
"931","4048194","0.70442000","14.50000000","10.21409000","1599680243917","FALSE","TRUE"
"932","4048195","0.70442000","68.20000000","48.04144400","1599680251333","FALSE","TRUE"
"933","4048196","0.70374000","159.70000000","112.38727800","1599680258592","TRUE","TRUE"
"934","4048197","0.70442000","1094.60000000","771.05813200","1599680258651","FALSE","TRUE"
"935","4048198","0.70441000","115.50000000","81.35935500","1599680260028","FALSE","TRUE"
"936","4048199","0.70402000","914.80000000","644.03749600","1599680261461","TRUE","TRUE"
"937","4048200","0.70402000","73.10000000","51.46386200","1599680262460","TRUE","TRUE"
"938","4048201","0.70402000","525.30000000","369.82170600","1599680272980","TRUE","TRUE"
"939","4048202","0.70402000","124.70000000","87.79129400","1599680272980","TRUE","TRUE"
"940","4048203","0.70440000","398.70000000","280.84428000","1599680273090","FALSE","TRUE"
"941","4048204","0.70440000","101.30000000","71.35572000","1599680273090","FALSE","TRUE"
"942","4048205","0.70440000","539.20000000","379.81248000","1599680273093","FALSE","TRUE"
"943","4048206","0.70402000","174.80000000","123.06269600","1599680273245","TRUE","TRUE"
"944","4048207","0.70442000","15.00000000","10.56630000","1599680285423","FALSE","TRUE"
"945","4048208","0.70443000","170.80000000","120.31664400","1599680285423","FALSE","TRUE"
"946","4048209","0.70404000","166.50000000","117.22266000","1599680287137","TRUE","TRUE"
"947","4048210","0.70443000","297.80000000","209.77925400","1599680289284","FALSE","TRUE"
"948","4048211","0.70443000","114.30000000","80.51634900","1599680289284","FALSE","TRUE"
"949","4048212","0.70443000","14.90000000","10.49600700","1599680293017","FALSE","TRUE"
"950","4048213","0.70443000","252.20000000","177.65724600","1599680296020","FALSE","TRUE"
"951","4048214","0.70452000","97.20000000","68.47934400","1599680296020","FALSE","TRUE"
"952","4048215","0.70477000","219.80000000","154.90844600","1599680296020","FALSE","TRUE"
"953","4048216","0.70475000","27.40000000","19.31015000","1599680297017","FALSE","TRUE"
"954","4048217","0.70475000","193.70000000","136.51007500","1599680297049","FALSE","TRUE"
"955","4048218","0.70405000","425.60000000","299.64368000","1599680297146","TRUE","TRUE"
"956","4048219","0.70404000","42.60000000","29.99210400","1599680297148","TRUE","TRUE"
"957","4048220","0.70403000","36.30000000","25.55628900","1599680297148","TRUE","TRUE"
"958","4048221","0.70402000","126.00000000","88.70652000","1599680297148","TRUE","TRUE"
"959","4048222","0.70400000","184.50000000","129.88800000","1599680297148","TRUE","TRUE"
"960","4048223","0.70400000","425.60000000","299.62240000","1599680297151","TRUE","TRUE"
"961","4048224","0.70400000","425.60000000","299.62240000","1599680297152","TRUE","TRUE"
"962","4048225","0.70400000","376.10000000","264.77440000","1599680297153","TRUE","TRUE"
"963","4048226","0.70400000","425.60000000","299.62240000","1599680297154","TRUE","TRUE"
"964","4048227","0.70401000","155.30000000","109.33275300","1599680297351","TRUE","TRUE"
"965","4048228","0.70401000","150.50000000","105.95350500","1599680301279","TRUE","TRUE"
"966","4048229","0.70401000","119.80000000","84.34039800","1599680301294","TRUE","TRUE"
"967","4048230","0.70400000","475.50000000","334.75200000","1599680301305","TRUE","TRUE"
"968","4048231","0.70400000","93.50000000","65.82400000","1599680301310","TRUE","TRUE"
"969","4048232","0.70372000","213.20000000","150.03310400","1599680301338","TRUE","TRUE"
"970","4048233","0.70372000","212.50000000","149.54050000","1599680302125","TRUE","TRUE"
"971","4048234","0.70371000","213.20000000","150.03097200","1599680302125","TRUE","TRUE"
"972","4048235","0.70370000","38.60000000","27.16282000","1599680302125","TRUE","TRUE"
"973","4048236","0.70370000","149.80000000","105.41426000","1599680302141","TRUE","TRUE"
"974","4048237","0.70467000","425.60000000","299.90755200","1599680302931","FALSE","TRUE"
"975","4048238","0.70467000","737.90000000","519.97599300","1599680302931","FALSE","TRUE"
"976","4048239","0.70316000","150.80000000","106.03652800","1599680305284","TRUE","TRUE"
"977","4048240","0.70318000","151.00000000","106.18018000","1599680309295","TRUE","TRUE"
"978","4048241","0.70317000","150.90000000","106.10835300","1599680313305","TRUE","TRUE"
"979","4048242","0.70317000","67.90000000","47.74524300","1599680313595","TRUE","TRUE"
"980","4048243","0.70317000","14.30000000","10.05533100","1599680314018","TRUE","TRUE"
"981","4048244","0.70454000","291.00000000","205.02114000","1599680316162","FALSE","TRUE"
"982","4048245","0.70318000","151.10000000","106.25049800","1599680317318","TRUE","TRUE"
"983","4048246","0.70319000","150.10000000","105.54881900","1599680321305","TRUE","TRUE"
"984","4048247","0.70318000","150.20000000","105.61763600","1599680325291","TRUE","TRUE"
"985","4048248","0.70318000","26.70000000","18.77490600","1599680327508","TRUE","TRUE"
"986","4048249","0.70318000","151.20000000","106.32081600","1599680329193","TRUE","TRUE"
"987","4048250","0.70402000","15.80000000","11.12351600","1599680334779","FALSE","TRUE"
"988","4048251","0.70440000","560.20000000","394.60488000","1599680334784","FALSE","TRUE"
"989","4048252","0.70451000","10.10000000","7.11555100","1599680334784","FALSE","TRUE"
"990","4048253","0.70362000","188.40000000","132.56200800","1599680336575","TRUE","TRUE"
"991","4048254","0.70362000","17.80000000","12.52443600","1599680337850","TRUE","TRUE"
"992","4048255","0.70358000","283.80000000","199.67600400","1599680338989","TRUE","TRUE"
"993","4048256","0.70356000","97.30000000","68.45638800","1599680339000","TRUE","TRUE"
"994","4048257","0.70356000","186.50000000","131.21394000","1599680339010","TRUE","TRUE"
"995","4048258","0.70355000","97.30000000","68.45541500","1599680339023","TRUE","TRUE"
"996","4048259","0.70450000","150.90000000","106.30905000","1599680339636","FALSE","TRUE"
"997","4048260","0.70451000","7.10000000","5.00202100","1599680339636","FALSE","TRUE"
"998","4048261","0.70467000","141.60000000","99.78127200","1599680339636","FALSE","TRUE"
"999","4048262","0.70366000","283.80000000","199.69870800","1599680352319","TRUE","TRUE"
"1000","4048263","0.70327000","228.90000000","160.97850300","1599680352329","TRUE","TRUE"
